@string{apjl="ApJL"}

@book{RW07,
  title     = "Gaussian Processes for Machine Learning",
  author    = "{Rasmussen}, C. E. and {Williams}, C. K. I.",
  year      = 2006,
  publisher = "The MIT Press",
  address   = "Cambridge, MA",
  isbn = "0-262-18253-X"
}

@misc{SA_saas_fee,
title={Gaussian Processes for Time Series Analysis},
author={{Aigrain}, S.},
url={https://drive.google.com/drive/folders/1Ix9qs04LKjB3GrLQ_z6xb1lUJl4gq-V1?usp=sharing},
journal={https://drive.google.com/drive/folders/1Ix9qs04LKjB3GrLQ_z6xb1lUJl4gq-V1?usp=sharing},
year={2021}
}

@InProceedings{MaunaLoaCO2,
  author       = {{Keeling}, C. D. and {Whorf}, T. P.},
  title        = "Atmospheric CO$_2$ Records from Sites in the SIO Air Sampling Network",
  booktitle    = "Trends: A Compendium of Data on Global Change",
  year         = "2004",
  address      = "Oak Ridge National Laboratory, US Department of Energy, Oak Ridge",
  organization = "Carbon Dioxide Information Analysis Cente"
}

@inproceedings{Tracey_2018,
	doi = {10.2514/6.2018-1659},
  
	url = {https://doi.org/10.2514%2F6.2018-1659},
  
	year = 2018,
	month = {jan},
  
	publisher = {American Institute of Aeronautics and Astronautics},
  
	author = {Brendan D. Tracey and David Wolpert},
  
	title = {Upgrading from Gaussian Processes to Student's-T Processes},
  
	booktitle = {2018 {AIAA} Non-Deterministic Approaches Conference}
}

@ARTICLE{2000ApJ...529L..45C,
       author = {{Charbonneau}, David and {Brown}, Timothy M. and {Latham}, David W. and {Mayor}, Michel},
        title = "{Detection of Planetary Transits Across a Sun-like Star}",
      journal = {\apjl},
     keywords = {STARS: BINARIES: ECLIPSING, STARS: PLANETARY SYSTEMS, STARS: INDIVIDUAL: HENRY DRAPER NUMBER: HD 209458, TECHNIQUES: PHOTOMETRIC, TECHNIQUES: RADIAL VELOCITIES, Stars: Binaries: Eclipsing, Stars: Planetary Systems, Stars: Individual: Henry Draper Number: HD 209458, Techniques: Photometric, Techniques: Radial Velocities, Astrophysics},
         year = 2000,
        month = jan,
       volume = {529},
       number = {1},
        pages = {L45-L48},
          doi = {10.1086/312457},
archivePrefix = {arXiv},
       eprint = {astro-ph/9911436},
 primaryClass = {astro-ph},
       adsurl = {https://ui.adsabs.harvard.edu/abs/2000ApJ...529L..45C},
      adsnote = {Provided by the SAO/NASA Astrophysics Data System}
}

@ARTICLE{2000ApJ...529L..41H,
       author = {{Henry}, Gregory W. and {Marcy}, Geoffrey W. and {Butler}, R. Paul and {Vogt}, Steven S.},
        title = "{A Transiting ``51 Peg-like'' Planet}",
      journal = {\apjl},
     keywords = {STARS: PLANETARY SYSTEMS, STARS: INDIVIDUAL: HENRY DRAPER NUMBER: HD 209458, Stars: Planetary Systems, Stars: Individual: Henry Draper Number: HD 209458},
         year = 2000,
        month = jan,
       volume = {529},
       number = {1},
        pages = {L41-L44},
          doi = {10.1086/312458},
       adsurl = {https://ui.adsabs.harvard.edu/abs/2000ApJ...529L..41H},
      adsnote = {Provided by the SAO/NASA Astrophysics Data System}
}

@INPROCEEDINGS{2003ASPC..294..361H,
       author = {{Horne}, K.},
        title = "{Status aand Prospects of Planetary Transit Searches: Hot Jupiters Galore}",
     keywords = {Astrophysics},
    booktitle = {Scientific Frontiers in Research on Extrasolar Planets},
         year = 2003,
       editor = {{Deming}, Drake and {Seager}, Sara},
       series = {Astronomical Society of the Pacific Conference Series},
       volume = {294},
        month = jan,
        pages = {361-370},
archivePrefix = {arXiv},
       eprint = {astro-ph/0301249},
 primaryClass = {astro-ph},
       adsurl = {https://ui.adsabs.harvard.edu/abs/2003ASPC..294..361H},
      adsnote = {Provided by the SAO/NASA Astrophysics Data System}
}

@ARTICLE{2004AcA....54..313U,
       author = {{Udalski}, A. and {Szymanski}, M.~K. and {Kubiak}, M. and {Pietrzynski}, G. and {Soszynski}, I. and {Zebrun}, K. and {Szewczyk}, O. and {Wyrzykowski}, L.},
        title = "{The Optical Gravitational Lensing Experiment. Planetary and Low-Luminosity Object Transits in the Fields of Galactic Disk. Results of the 2003 OGLE Observing Campaigns}",
      journal = {\actaa},
     keywords = {planetary system, Stars: low-mass, brown dwarfs, binaries: eclipsing, Astrophysics},
         year = 2004,
        month = dec,
       volume = {54},
        pages = {313-345},
archivePrefix = {arXiv},
       eprint = {astro-ph/0411543},
 primaryClass = {astro-ph},
       adsurl = {https://ui.adsabs.harvard.edu/abs/2004AcA....54..313U},
      adsnote = {Provided by the SAO/NASA Astrophysics Data System}
}

@ARTICLE{2003AcA....53..133U,
       author = {{Udalski}, A. and {Pietrzynski}, G. and {Szymanski}, M. and {Kubiak}, M. and {Zebrun}, K. and {Soszynski}, I. and {Szewczyk}, O. and {Wyrzykowski}, L.},
        title = "{The Optical Gravitational Lensing Experiment. Additional Planetary and Low-Luminosity Object Transits from the OGLE 2001 and 2002 Observational Campaigns}",
      journal = {\actaa},
     keywords = {planetary systems, Stars: low-mass, brown dwarfs, binaries: eclipsing, Astrophysics},
         year = 2003,
        month = jun,
       volume = {53},
        pages = {133-149},
archivePrefix = {arXiv},
       eprint = {astro-ph/0306444},
 primaryClass = {astro-ph},
       adsurl = {https://ui.adsabs.harvard.edu/abs/2003AcA....53..133U},
      adsnote = {Provided by the SAO/NASA Astrophysics Data System}
}

@ARTICLE{2002AcA....52..317U,
       author = {{Udalski}, A. and {Szewczyk}, O. and {Zebrun}, K. and {Pietrzynski}, G. and {Szymanski}, M. and {Kubiak}, M. and {Soszynski}, I. and {Wyrzykowski}, L.},
        title = "{The Optical Gravitational Lensing Experiment. Planetary and Low-Luminosity Object Transits in the Carina Fields of the Galactic Disk}",
      journal = {\actaa},
     keywords = {planetary systems, Stars: low-mass, brown dwarfs, binaries: eclipsing, Astrophysics},
         year = 2002,
        month = dec,
       volume = {52},
        pages = {317-359},
archivePrefix = {arXiv},
       eprint = {astro-ph/0301210},
 primaryClass = {astro-ph},
       adsurl = {https://ui.adsabs.harvard.edu/abs/2002AcA....52..317U},
      adsnote = {Provided by the SAO/NASA Astrophysics Data System}
}

@ARTICLE{2002AcA....52....1U,
       author = {{Udalski}, A. and {Paczynski}, B. and {Zebrun}, K. and {Szymanski}, M. and {Kubiak}, M. and {Soszynski}, I. and {Szewczyk}, O. and {Wyrzykowski}, L. and {Pietrzynski}, G.},
        title = "{The Optical Gravitational Lensing Experiment. Search for Planetary and Low-Luminosity Object Transits in the Galactic Disk. Results of 2001 Campaign}",
      journal = {\actaa},
     keywords = {planetary systems, Stars: low-mass, brown dwarfs, binaries: eclipsing, Astrophysics},
         year = 2002,
        month = mar,
       volume = {52},
        pages = {1-37},
archivePrefix = {arXiv},
       eprint = {astro-ph/0202320},
 primaryClass = {astro-ph},
       adsurl = {https://ui.adsabs.harvard.edu/abs/2002AcA....52....1U},
      adsnote = {Provided by the SAO/NASA Astrophysics Data System}
}


@ARTICLE{2004ApJ...613L.153A,
       author = {{Alonso}, Roi and {Brown}, Timothy M. and {Torres}, Guillermo and {Latham}, David W. and {Sozzetti}, Alessandro and {Mandushev}, Georgi and {Belmonte}, Juan A. and {Charbonneau}, David and {Deeg}, Hans J. and {Dunham}, Edward W. and {O'Donovan}, Francis T. and {Stefanik}, Robert P.},
        title = "{TrES-1: The Transiting Planet of a Bright K0 V Star}",
      journal = {\apjl},
     keywords = {Stars: Binaries: Eclipsing, Stars: Planetary Systems, Stars: Individual: Alphanumeric: GSC 02652-01324, Techniques: Photometric, Techniques: Radial Velocities, Astrophysics},
         year = 2004,
        month = oct,
       volume = {613},
       number = {2},
        pages = {L153-L156},
          doi = {10.1086/425256},
archivePrefix = {arXiv},
       eprint = {astro-ph/0408421},
 primaryClass = {astro-ph},
       adsurl = {https://ui.adsabs.harvard.edu/abs/2004ApJ...613L.153A},
      adsnote = {Provided by the SAO/NASA Astrophysics Data System}
}


@ARTICLE{2003Natur.421..507K,
       author = {{Konacki}, Maciej and {Torres}, Guillermo and {Jha}, Saurabh and {Sasselov}, Dimitar D.},
        title = "{An extrasolar planet that transits the disk of its parent star}",
      journal = {\nat},
         year = 2003,
        month = jan,
       volume = {421},
       number = {6922},
        pages = {507-509},
          doi = {10.1038/nature01379},
       adsurl = {https://ui.adsabs.harvard.edu/abs/2003Natur.421..507K},
      adsnote = {Provided by the SAO/NASA Astrophysics Data System}
}

@ARTICLE{2005ApJ...624..372K,
       author = {{Konacki}, Maciej and {Torres}, Guillermo and {Sasselov}, Dimitar D. and {Jha}, Saurabh},
        title = "{A Transiting Extrasolar Giant Planet around the Star OGLE-TR-10}",
      journal = {\apj},
     keywords = {Line: Profiles, Stars: Planetary Systems, Stars: Evolution, Stars: Individual: Alphanumeric: OGLE-TR-10, Techniques: Radial Velocities, Astrophysics},
         year = 2005,
        month = may,
       volume = {624},
       number = {1},
        pages = {372-377},
          doi = {10.1086/429127},
archivePrefix = {arXiv},
       eprint = {astro-ph/0412400},
 primaryClass = {astro-ph},
       adsurl = {https://ui.adsabs.harvard.edu/abs/2005ApJ...624..372K},
      adsnote = {Provided by the SAO/NASA Astrophysics Data System}
}

@ARTICLE{2004ApJ...609L..37K,
       author = {{Konacki}, Maciej and {Torres}, Guillermo and {Sasselov}, Dimitar D. and {Pietrzy{\'n}ski}, Grzegorz and {Udalski}, Andrzej and {Jha}, Saurabh and {Ruiz}, Maria Teresa and {Gieren}, Wolfgang and {Minniti}, Dante},
        title = "{The Transiting Extrasolar Giant Planet around the Star OGLE-TR-113}",
      journal = {\apjl},
     keywords = {Line: Profiles, Stars: Planetary Systems, Stars: Evolution, Stars: Individual: Alphanumeric: OGLE-TR-113, Techniques: Radial Velocities, Astrophysics},
         year = 2004,
        month = jul,
       volume = {609},
       number = {1},
        pages = {L37-L40},
          doi = {10.1086/422600},
archivePrefix = {arXiv},
       eprint = {astro-ph/0404541},
 primaryClass = {astro-ph},
       adsurl = {https://ui.adsabs.harvard.edu/abs/2004ApJ...609L..37K},
      adsnote = {Provided by the SAO/NASA Astrophysics Data System}
}

@ARTICLE{2003ApJ...597.1076K,
       author = {{Konacki}, Maciej and {Torres}, Guillermo and {Sasselov}, Dimitar D. and {Jha}, Saurabh},
        title = "{High-Resolution Spectroscopic Follow-up of OGLE Planetary Transit Candidates in the Galactic Bulge: Two Possible Jupiter-Mass Planets and Two Blends}",
      journal = {\apj},
     keywords = {Stars: Binaries: Eclipsing, Stars: Planetary Systems, Stars: Low-Mass, Brown Dwarfs, Techniques: Radial Velocities, Astrophysics},
         year = 2003,
        month = nov,
       volume = {597},
       number = {2},
        pages = {1076-1091},
          doi = {10.1086/378561},
archivePrefix = {arXiv},
       eprint = {astro-ph/0306542},
 primaryClass = {astro-ph},
       adsurl = {https://ui.adsabs.harvard.edu/abs/2003ApJ...597.1076K},
      adsnote = {Provided by the SAO/NASA Astrophysics Data System}
}

@ARTICLE{2005A&A...431.1105B,
       author = {{Bouchy}, F. and {Pont}, F. and {Melo}, C. and {Santos}, N.~C. and {Mayor}, M. and {Queloz}, D. and {Udry}, S.},
        title = "{Doppler follow-up of OGLE transiting companions in the Galactic bulge}",
      journal = {\aap},
     keywords = {techniques: radial velocities, stars: binaries: eclipsing, stars: low-mass, brown dwarfs, stars: planetary systems, Astrophysics},
         year = 2005,
        month = mar,
       volume = {431},
       number = {3},
        pages = {1105-1121},
          doi = {10.1051/0004-6361:20041723},
archivePrefix = {arXiv},
       eprint = {astro-ph/0410346},
 primaryClass = {astro-ph},
       adsurl = {https://ui.adsabs.harvard.edu/abs/2005A&A...431.1105B},
      adsnote = {Provided by the SAO/NASA Astrophysics Data System}
}

@ARTICLE{2004A&A...421L..13B,
       author = {{Bouchy}, F. and {Pont}, F. and {Santos}, N.~C. and {Melo}, C. and {Mayor}, M. and {Queloz}, D. and {Udry}, S.},
        title = "{Two new ``very hot Jupiters'' among the OGLE transiting candidates}",
      journal = {\aap},
     keywords = {techniques: radial velocities, instrumentation: spectrographs, stars: planetary systems, Astrophysics},
         year = 2004,
        month = jul,
       volume = {421},
        pages = {L13-L16},
          doi = {10.1051/0004-6361:20040170},
archivePrefix = {arXiv},
       eprint = {astro-ph/0404264},
 primaryClass = {astro-ph},
       adsurl = {https://ui.adsabs.harvard.edu/abs/2004A&A...421L..13B},
      adsnote = {Provided by the SAO/NASA Astrophysics Data System}
}

@ARTICLE{2007A&A...472L..13G,
       author = {{Gillon}, M. and {Pont}, F. and {Demory}, B. -O. and {Mallmann}, F. and {Mayor}, M. and {Mazeh}, T. and {Queloz}, D. and {Shporer}, A. and {Udry}, S. and {Vuissoz}, C.},
        title = "{Detection of transits of the nearby hot Neptune GJ 436 b}",
      journal = {\aap},
     keywords = {stars: planetary systems, stars: individual: GJ 436, techniques: photometric, Astrophysics},
         year = 2007,
        month = sep,
       volume = {472},
       number = {2},
        pages = {L13-L16},
          doi = {10.1051/0004-6361:20077799},
archivePrefix = {arXiv},
       eprint = {0705.2219},
 primaryClass = {astro-ph},
       adsurl = {https://ui.adsabs.harvard.edu/abs/2007A&A...472L..13G},
      adsnote = {Provided by the SAO/NASA Astrophysics Data System}
}


@ARTICLE{2006MNRAS.373..231P,
       author = {{Pont}, Fr{\'e}d{\'e}ric and {Zucker}, Shay and {Queloz}, Didier},
        title = "{The effect of red noise on planetary transit detection}",
      journal = {\mnras},
     keywords = {methods: data analysis, methods: statistical, techniques: photometric, surveys, planetary systems, Astrophysics},
         year = 2006,
        month = nov,
       volume = {373},
       number = {1},
        pages = {231-242},
          doi = {10.1111/j.1365-2966.2006.11012.x},
archivePrefix = {arXiv},
       eprint = {astro-ph/0608597},
 primaryClass = {astro-ph},
       adsurl = {https://ui.adsabs.harvard.edu/abs/2006MNRAS.373..231P},
      adsnote = {Provided by the SAO/NASA Astrophysics Data System}
}

@ARTICLE{2005A&A...438.1123P,
       author = {{Pont}, F. and {Bouchy}, F. and {Melo}, C. and {Santos}, N.~C. and {Mayor}, M. and {Queloz}, D. and {Udry}, S.},
        title = "{Doppler follow-up of OGLE planetary transit candidates in Carina}",
      journal = {\aap},
     keywords = {stars: planetary systems, stars: low-mass, brown dwarfs, stars: binaries: eclipsing, Astrophysics},
         year = 2005,
        month = aug,
       volume = {438},
       number = {3},
        pages = {1123-1140},
          doi = {10.1051/0004-6361:20052771},
archivePrefix = {arXiv},
       eprint = {astro-ph/0501615},
 primaryClass = {astro-ph},
       adsurl = {https://ui.adsabs.harvard.edu/abs/2005A&A...438.1123P},
      adsnote = {Provided by the SAO/NASA Astrophysics Data System}
}

@ARTICLE{2004A&A...426L..15P,
       author = {{Pont}, F. and {Bouchy}, F. and {Queloz}, D. and {Santos}, N.~C. and {Melo}, C. and {Mayor}, M. and {Udry}, S.},
        title = "{The ``missing link'': A 4-day period  transiting exoplanet around OGLE-TR-111}",
      journal = {\aap},
     keywords = {techniques: radial velocities, instrumentation: spectrographs, stars: planetary systems, Astrophysics},
         year = 2004,
        month = oct,
       volume = {426},
        pages = {L15-L18},
          doi = {10.1051/0004-6361:200400066},
archivePrefix = {arXiv},
       eprint = {astro-ph/0408499},
 primaryClass = {astro-ph},
       adsurl = {https://ui.adsabs.harvard.edu/abs/2004A&A...426L..15P},
      adsnote = {Provided by the SAO/NASA Astrophysics Data System}
}

@INCOLLECTION{2018haex.bookE.100K,
       author = {{Kreidberg}, Laura},
        title = "{Exoplanet Atmosphere Measurements from Transmission Spectroscopy and Other Planet Star Combined Light Observations}",
     keywords = {Physics, Astrophysics - Earth and Planetary Astrophysics},
    booktitle = {Handbook of Exoplanets},
    publisher = {SpringerLink},
         year = 2018,
       editor = {{Deeg}, Hans J. and {Belmonte}, Juan Antonio},
          eid = {100},
        pages = {100},
          doi = {10.1007/978-3-319-55333-7\_100},
       adsurl = {https://ui.adsabs.harvard.edu/abs/2018haex.bookE.100K},
      adsnote = {Provided by the SAO/NASA Astrophysics Data System}
}


@ARTICLE{2012MNRAS.419.2683G,
       author = {{Gibson}, N.~P. and {Aigrain}, S. and {Roberts}, S. and {Evans}, T.~M. and {Osborne}, M. and {Pont}, F.},
        title = "{A Gaussian process framework for modelling instrumental systematics: application to transmission spectroscopy}",
      journal = {\mnras},
     keywords = {methods: data analysis, techniques: spectroscopic, stars: individual: HD 189733, planetary systems, Astrophysics - Earth and Planetary Astrophysics},
         year = 2012,
        month = jan,
       volume = {419},
       number = {3},
        pages = {2683-2694},
          doi = {10.1111/j.1365-2966.2011.19915.x},
archivePrefix = {arXiv},
       eprint = {1109.3251},
 primaryClass = {astro-ph.EP},
       adsurl = {https://ui.adsabs.harvard.edu/abs/2012MNRAS.419.2683G},
      adsnote = {Provided by the SAO/NASA Astrophysics Data System}
}

@ARTICLE{2018AJ....156..283E,
       author = {{Evans}, Thomas M. and {Sing}, David K. and {Goyal}, Jayesh M. and {Nikolov}, Nikolay and {Marley}, Mark S. and {Zahnle}, Kevin and {Henry}, Gregory W. and {Barstow}, Joanna K. and {Alam}, Munazza K. and {Sanz-Forcada}, Jorge and {Kataria}, Tiffany and {Lewis}, Nikole K. and {Lavvas}, Panayotis and {Ballester}, Gilda E. and {Ben-Jaffel}, Lotfi and {Blumenthal}, Sarah D. and {Bourrier}, Vincent and {Drummond}, Benjamin and {Garc{\'\i}a Mu{\~n}oz}, Antonio and {L{\'o}pez-Morales}, Mercedes and {Tremblin}, Pascal and {Ehrenreich}, David and {Wakeford}, Hannah R. and {Buchhave}, Lars A. and {Lecavelier des Etangs}, Alain and {H{\'e}brard}, {\'E}ric and {Williamson}, Michael H.},
        title = "{An Optical Transmission Spectrum for the Ultra-hot Jupiter WASP-121b Measured with the Hubble Space Telescope}",
      journal = {\aj},
     keywords = {methods: observational, planets and satellites: atmospheres, planets and satellites: gaseous planets, Astrophysics - Earth and Planetary Astrophysics},
         year = 2018,
        month = dec,
       volume = {156},
       number = {6},
          eid = {283},
        pages = {283},
          doi = {10.3847/1538-3881/aaebff},
archivePrefix = {arXiv},
       eprint = {1810.10969},
 primaryClass = {astro-ph.EP},
       adsurl = {https://ui.adsabs.harvard.edu/abs/2018AJ....156..283E},
      adsnote = {Provided by the SAO/NASA Astrophysics Data System}
}

@ARTICLE{1995ApJ...455L...5K,
       author = {{Kundi{\'c}}, Tomislav and {Colley}, Wesley N. and {Gott}, J. Richard, III and {Malhotra}, Sangeeta and {Pen}, Ue-Li and {Rhoads}, James E. and {Stanek}, Krzysztof Z. and {Turner}, Edwin L. and {Wambsganss}, Joachim},
        title = "{An Event in the Light Curve of 0957+561A and Prediction of the 1996 Image B Light Curve}",
      journal = {\apjl},
     keywords = {GALAXIES: QUASARS: INDIVIDUAL ALPHANUMERIC: 0957+561, COSMOLOGY: GRAVITATIONAL LENSING, COSMOLOGY: DISTANCE SCALE, Astrophysics},
         year = 1995,
        month = dec,
       volume = {455},
        pages = {L5},
          doi = {10.1086/309819},
archivePrefix = {arXiv},
       eprint = {astro-ph/9508145},
 primaryClass = {astro-ph},
       adsurl = {https://ui.adsabs.harvard.edu/abs/1995ApJ...455L...5K},
      adsnote = {Provided by the SAO/NASA Astrophysics Data System}
}

@ARTICLE{1997ApJ...482...75K,
       author = {{Kundi{\'c}}, Tomislav and {Turner}, Edwin L. and {Colley}, Wesley N. and {Gott}, J. Richard, III and {Rhoads}, James E. and {Wang}, Yun and {Bergeron}, Louis E. and {Gloria}, Karen A. and {Long}, Daniel C. and {Malhotra}, Sangeeta and {Wambsganss}, Joachim},
        title = "{A Robust Determination of the Time Delay in 0957+561A, B and a Measurement of the Global Value of Hubble's Constant}",
      journal = {\apj},
     keywords = {Cosmology: Distance Scale, Cosmology: Gravitational Lensing, Galaxies: Quasars: Individual: Alphanumeric: 0957+561, Astrophysics},
         year = 1997,
        month = jun,
       volume = {482},
       number = {1},
        pages = {75-82},
          doi = {10.1086/304147},
archivePrefix = {arXiv},
       eprint = {astro-ph/9610162},
 primaryClass = {astro-ph},
       adsurl = {https://ui.adsabs.harvard.edu/abs/1997ApJ...482...75K},
      adsnote = {Provided by the SAO/NASA Astrophysics Data System}
}

@ARTICLE{2019MNRAS.489.3591P,
       author = {{Pruzhinskaya}, M.~V. and {Malanchev}, K.~L. and {Kornilov}, M.~V. and {Ishida}, E.~E.~O. and {Mondon}, F. and {Volnova}, A.~A. and {Korolev}, V.~S.},
        title = "{Anomaly detection in the Open Supernova Catalog}",
      journal = {\mnras},
     keywords = {methods: data analysis, catalogues, supernovae: general, Astrophysics - High Energy Astrophysical Phenomena, Astrophysics - Instrumentation and Methods for Astrophysics},
         year = 2019,
        month = nov,
       volume = {489},
       number = {3},
        pages = {3591-3608},
          doi = {10.1093/mnras/stz2362},
archivePrefix = {arXiv},
       eprint = {1905.11516},
 primaryClass = {astro-ph.HE},
       adsurl = {https://ui.adsabs.harvard.edu/abs/2019MNRAS.489.3591P},
      adsnote = {Provided by the SAO/NASA Astrophysics Data System}
}




@ARTICLE{2014MNRAS.445.3401G,
       author = {{Gibson}, N.~P.},
        title = "{Reliable inference of exoplanet light-curve parameters using deterministic and stochastic systematics models}",
      journal = {\mnras},
     keywords = {methods: data analysis, methods: statistical, techniques: photometric, techniques: spectroscopic, planetary systems, Astrophysics - Earth and Planetary Astrophysics, Astrophysics - Instrumentation and Methods for Astrophysics},
         year = 2014,
        month = dec,
       volume = {445},
       number = {4},
        pages = {3401-3414},
          doi = {10.1093/mnras/stu1975},
archivePrefix = {arXiv},
       eprint = {1409.5668},
 primaryClass = {astro-ph.EP},
       adsurl = {https://ui.adsabs.harvard.edu/abs/2014MNRAS.445.3401G},
      adsnote = {Provided by the SAO/NASA Astrophysics Data System}
}

@ARTICLE{2015MNRAS.450.3233P,
       author = {{Parviainen}, Hannu},
        title = "{PYTRANSIT: fast and easy exoplanet transit modelling in PYTHON}",
      journal = {\mnras},
     keywords = {methods: numerical, techniques: photometric, planets and satellites: general, Astrophysics - Earth and Planetary Astrophysics},
         year = 2015,
        month = jul,
       volume = {450},
       number = {3},
        pages = {3233-3238},
          doi = {10.1093/mnras/stv894},
archivePrefix = {arXiv},
       eprint = {1504.07433},
 primaryClass = {astro-ph.EP},
       adsurl = {https://ui.adsabs.harvard.edu/abs/2015MNRAS.450.3233P},
      adsnote = {Provided by the SAO/NASA Astrophysics Data System}
}

@mastersthesis{kriging,
  author  = {Krige, D.\ G.},
  title   = "A statistical approach to some mine valuations and allied problems at the Witwatersrand",
  school  = "University of Witwatersrand",
  year    = 1951
}

@ARTICLE{1976MitAG..38..192D,
       author = {{Dvorak}, R. and {Edelman}, C.},
        title = "{An Orbital Improvement of Vesta}",
      journal = {Mitteilungen der Astronomischen Gesellschaft Hamburg},
     keywords = {Kalman Filters, Orbit Calculation, Planet Ephemerides, Solar Orbits, Vesta Asteroid, Differential Equations, Equations Of Motion, Numerical Integration, Lunar and Planetary Exploration},
         year = 1976,
        month = jan,
       volume = {38},
        pages = {192},
       adsurl = {https://ui.adsabs.harvard.edu/abs/1976MitAG..38..192D},
      adsnote = {Provided by the SAO/NASA Astrophysics Data System}
}

@INPROCEEDINGS{1980asfr.symp..159B,
       author = {{Barnes}, J.~A. and {Tryon}, P.~V. and {Sargent}, H.~H., III},
        title = "{Sunspot cycle simulation using random noise}",
     keywords = {Computerized Simulation, Random Noise, Solar Activity, Solar Simulation, Sunspot Cycle, Computer Programs, Solar Physics, Solar Physics},
    booktitle = {The Ancient Sun: Fossil Record in the Earth, Moon and Meteorites},
         year = 1980,
       editor = {{Pepin}, R.~O. and {Eddy}, J.~A. and {Merrill}, R.~B.},
        month = jan,
        pages = {159-163},
       adsurl = {https://ui.adsabs.harvard.edu/abs/1980asfr.symp..159B},
      adsnote = {Provided by the SAO/NASA Astrophysics Data System}
}





@ARTICLE{prh92b,
       author = {{Press}, William H. and {Rybicki}, George B. and {Hewitt}, Jacqueline N.},
        title = "{The Time Delay of Gravitational Lens 0957+561. II. Analysis of Radio Data and Combined Optical-Radio Analysis}",
      journal = {\apj},
     keywords = {COSMOLOGY: GRAVITATIONAL LENSING, COSMOLOGY: OBSERVATIONS, GALAXIES: QUASARS: INDIVIDUAL ALPHANUMERIC: 0957+561, METHODS: NUMERICAL},
         year = 1992,
        month = feb,
       volume = {385},
        pages = {416},
          doi = {10.1086/170952},
       adsurl = {https://ui.adsabs.harvard.edu/abs/1992ApJ...385..416P},
      adsnote = {Provided by the SAO/NASA Astrophysics Data System}
}

@ARTICLE{prh92a,
       author = {{Press}, William H. and {Rybicki}, George B. and {Hewitt}, Jacqueline N.},
        title = "{The Time Delay of Gravitational Lens 0957+561. I. Methodology and Analysis of Optical Photometric Data}",
      journal = {\apj},
     keywords = {Astronomical Photometry, Gravitational Lenses, Quasars, Time Lag, Computational Astrophysics, Galactic Clusters, Monte Carlo Method, Red Shift, Astrophysics, COSMOLOGY: GRAVITATIONAL LENSING, COSMOLOGY: OBSERVATIONS, GALAXIES: QUASARS: INDIVIDUAL ALPHANUMERIC: 0957, 561, METHODS: NUMERICAL},
         year = 1992,
        month = feb,
       volume = {385},
        pages = {404},
          doi = {10.1086/170951},
       adsurl = {https://ui.adsabs.harvard.edu/abs/1992ApJ...385..404P},
      adsnote = {Provided by the SAO/NASA Astrophysics Data System}
}


@ARTICLE{pr95,
       author = {{Rybicki}, George B. and {Press}, William H.},
        title = "{Class of Fast Methods for Processing Irregularly Sampled or Otherwise Inhomogeneous One-Dimensional Data}",
      journal = {\prl},
     keywords = {06.50.-x, 02.50.Rj, 02.50.Vn, Nonlinear Sciences - Cellular Automata and Lattice Gases, Astrophysics},
         year = 1995,
        month = feb,
       volume = {74},
       number = {7},
        pages = {1060-1063},
          doi = {10.1103/PhysRevLett.74.1060},
archivePrefix = {arXiv},
       eprint = {comp-gas/9405004},
 primaryClass = {nlin.CG},
       adsurl = {https://ui.adsabs.harvard.edu/abs/1995PhRvL..74.1060R},
      adsnote = {Provided by the SAO/NASA Astrophysics Data System}
}

@ARTICLE{1978A&A....70..777V,
       author = {{von der Heide}, K.},
        title = "{Image restoration by the method of least squares.}",
      journal = {\aap},
     keywords = {Image Processing, Imaging Techniques, Interferometry, Least Squares Method, Speckle Patterns, Telescopes, Atmospheric Effects, Autocorrelation, Computer Programs, Data Reduction, Matrices (Mathematics), Astronomy, Image Processing:Speckle Interferometry},
         year = 1978,
        month = dec,
       volume = {70},
       number = {6},
        pages = {777-784},
       adsurl = {https://ui.adsabs.harvard.edu/abs/1978A&A....70..777V},
      adsnote = {Provided by the SAO/NASA Astrophysics Data System}
}

@ARTICLE{1988JGR....9311569C,
       author = {{Constable}, C.~G. and {Parker}, R.~L.},
        title = "{Statistics of the geomagnetic secular variation for the past 5 m.y.}",
      journal = {\jgr},
     keywords = {Geomagnetism, Mathematical Models, Normal Density Functions, Paleomagnetism, Secular Variations, Spherical Harmonics, Statistical Analysis, Geophysics, Magnetic Dipoles, Geophysics, Geomagnetism and Paleomagnetism: Paleomagnetic secular variation, Geomagnetism and Paleomagnetism: Spatial variations (all harmonics and anomalies), Geomagnetism and Paleomagnetism: Time variations-secular and long term, Information Related to Geologic Time: Cenozoic},
         year = 1988,
        month = oct,
       volume = {93},
       number = {B10},
        pages = {11569-11581},
          doi = {10.1029/JB093iB10p11569},
       adsurl = {https://ui.adsabs.harvard.edu/abs/1988JGR....9311569C},
      adsnote = {Provided by the SAO/NASA Astrophysics Data System}
}

@ARTICLE{1991MGeo...16..313J,
       author = {{Jekeli}, C.},
        title = "{The statistics of the Earth's gravity field, revisited.}",
      journal = {Manuscr. Geod.},
         year = 1991,
        month = oct,
       volume = {16},
       number = {5},
        pages = {313-325},
       adsurl = {https://ui.adsabs.harvard.edu/abs/1991MGeo...16..313J},
      adsnote = {Provided by the SAO/NASA Astrophysics Data System}
}

@ARTICLE{1997ApJ...483L...1P,
       author = {{Peebles}, P.~J.~E.},
        title = "{An Isocurvature Model for Early Galaxy Assembly}",
      journal = {\apjl},
     keywords = {GALAXIES: FORMATION, COSMOLOGY: LARGE-SCALE STRUCTURE OF UNIVERSE, Galaxies: Formation, large-scale structure of the universe},
         year = 1997,
        month = jul,
       volume = {483},
       number = {1},
        pages = {L1-L4},
          doi = {10.1086/310738},
       adsurl = {https://ui.adsabs.harvard.edu/abs/1997ApJ...483L...1P},
      adsnote = {Provided by the SAO/NASA Astrophysics Data System}
}

@ARTICLE{2006ApJ...647..102W,
       author = {{Way}, M.~J. and {Srivastava}, A.~N.},
        title = "{Novel Methods for Predicting Photometric Redshifts from Broadband Photometry Using Virtual Sensors}",
      journal = {\apj},
     keywords = {Galaxies: Distances and Redshifts, Astrophysics},
         year = 2006,
        month = aug,
       volume = {647},
       number = {1},
        pages = {102-115},
          doi = {10.1086/505293},
archivePrefix = {arXiv},
       eprint = {astro-ph/0601145},
 primaryClass = {astro-ph},
       adsurl = {https://ui.adsabs.harvard.edu/abs/2006ApJ...647..102W},
      adsnote = {Provided by the SAO/NASA Astrophysics Data System}
}

@book{gpml,
  author = {{Rasmussen}, C. E. and {Williams}, C. K. I.},
  publisher = {The MIT Press},
  title = {Gaussian Processes for Machine Learning},
  address = {Cambridge, MA},
  url = {http://www.gaussianprocess.org/gpml/chapters/},
  year = 2006
}

@ARTICLE{2016MNRAS.462..726A,
       author = {{Almosallam}, Ibrahim A. and {Jarvis}, Matt J. and {Roberts}, Stephen J.},
        title = "{GPZ: non-stationary sparse Gaussian processes for heteroscedastic uncertainty estimation in photometric redshifts}",
      journal = {\mnras},
     keywords = {methods: data analysis, galaxies: distances and redshifts, Astrophysics - Instrumentation and Methods for Astrophysics, I.2.6},
         year = 2016,
        month = oct,
       volume = {462},
       number = {1},
        pages = {726-739},
          doi = {10.1093/mnras/stw1618},
archivePrefix = {arXiv},
       eprint = {1604.03593},
 primaryClass = {astro-ph.IM},
       adsurl = {https://ui.adsabs.harvard.edu/abs/2016MNRAS.462..726A},
      adsnote = {Provided by the SAO/NASA Astrophysics Data System}
}


@ARTICLE{emcee,
       author = {{Foreman-Mackey}, Daniel and {Hogg}, David W. and {Lang}, Dustin and {Goodman}, Jonathan},
        title = "{emcee: The MCMC Hammer}",
      journal = {\pasp},
     keywords = {Astrophysics - Instrumentation and Methods for Astrophysics, Physics - Computational Physics, Statistics - Computation},
         year = 2013,
        month = mar,
       volume = {125},
       number = {925},
        pages = {306},
          doi = {10.1086/670067},
archivePrefix = {arXiv},
       eprint = {1202.3665},
 primaryClass = {astro-ph.IM},
       adsurl = {https://ui.adsabs.harvard.edu/abs/2013PASP..125..306F},
      adsnote = {Provided by the SAO/NASA Astrophysics Data System}
}

@article{corner,
  doi = {10.21105/joss.00024},
  url = {https://doi.org/10.21105/joss.00024},
  year  = {2016},
  month = {jun},
  publisher = {The Open Journal},
  volume = {1},
  number = {2},
  pages = {24},
  author = {Daniel Foreman-Mackey},
  title = {corner.py: Scatterplot matrices in Python},
  journal = {The Journal of Open Source Software}
}

@ARTICLE{2011ApJ...735...80Z,
       author = {{Zu}, Ying and {Kochanek}, C.~S. and {Peterson}, Bradley M.},
        title = "{An Alternative Approach to Measuring Reverberation Lags in Active Galactic Nuclei}",
      journal = {\apj},
     keywords = {galaxies: active, galaxies: nuclei, galaxies: Seyfert, quasars: general, Astrophysics - Cosmology and Nongalactic Astrophysics, Astrophysics - Instrumentation and Methods for Astrophysics},
         year = 2011,
        month = jul,
       volume = {735},
       number = {2},
          eid = {80},
        pages = {80},
          doi = {10.1088/0004-637X/735/2/80},
archivePrefix = {arXiv},
       eprint = {1008.0641},
 primaryClass = {astro-ph.CO},
       adsurl = {https://ui.adsabs.harvard.edu/abs/2011ApJ...735...80Z},
      adsnote = {Provided by the SAO/NASA Astrophysics Data System}
}


@book{claeskens_hjort_2008, place={Cambridge}, series={Cambridge Series in Statistical and Probabilistic Mathematics}, title={Model Selection and Model Averaging}, DOI={10.1017/CBO9780511790485}, publisher={Cambridge University Press}, author={Claeskens, Gerda and Hjort, Nils Lid}, year={2008}, collection={Cambridge Series in Statistical and Probabilistic Mathematics}}

@ARTICLE{george,
        author = {{Ambikasaran}, Sivaram and {Foreman-Mackey}, Daniel and {Greengard}, Leslie and {Hogg}, David W. and {O'Neil}, Michael},
         title = "{Fast Direct Methods for Gaussian Processes}",
       journal = {IEEE Transactions on Pattern Analysis and Machine Intelligence},
      keywords = {Mathematics - Numerical Analysis, Astrophysics - Instrumentation and Methods for Astrophysics, Mathematics - Statistics Theory, Mathematics - Numerical Analysis, Astrophysics - Instrumentation and Methods for Astrophysics, Mathematics - Statistics Theory},
          year = 2015,
         month = jun,
        volume = {38},
         pages = {252},
           doi = {10.1109/TPAMI.2015.2448083},
 archivePrefix = {arXiv},
        eprint = {1403.6015},
  primaryClass = {math.NA},
        adsurl = {https://ui.adsabs.harvard.edu/abs/2015ITPAM..38..252A},
       adsnote = {Provided by the SAO/NASA Astrophysics Data System}
}

@ARTICLE{1989A&A...215....1V,
       author = {{Vanderriest}, C. and {Schneider}, J. and {Herpe}, G. and {Chevreton}, M. and {Moles}, M. and {Wlerick}, G.},
        title = "{The value of the time delay delta T (A,B) for the 'double' quasar 0957+561 from optical photometric monitoring.}",
      journal = {\aap},
     keywords = {Astronomical Photometry, Gravitational Lenses, Image Processing, Quasars, Time Lag, Astrometry, Brightness, Hubble Constant, Light Curve, Very Long Base Interferometry, Astrophysics},
         year = 1989,
        month = may,
       volume = {215},
        pages = {1-13},
       adsurl = {https://ui.adsabs.harvard.edu/abs/1989A&A...215....1V},
      adsnote = {Provided by the SAO/NASA Astrophysics Data System}
}

@ARTICLE{2020MNRAS.499.1633P,
       author = {{Parviainen}, H.},
        title = "{RoadRunner: a fast and flexible exoplanet transit model}",
      journal = {\mnras},
     keywords = {methods: numerical, techniques: photometric, planets and satellites, Astrophysics - Earth and Planetary Astrophysics, Astrophysics - Instrumentation and Methods for Astrophysics},
         year = 2020,
        month = dec,
       volume = {499},
       number = {2},
        pages = {1633-1639},
          doi = {10.1093/mnras/staa2901},
archivePrefix = {arXiv},
       eprint = {2009.08500},
 primaryClass = {astro-ph.EP},
       adsurl = {https://ui.adsabs.harvard.edu/abs/2020MNRAS.499.1633P},
      adsnote = {Provided by the SAO/NASA Astrophysics Data System}
}

@ARTICLE{2014PASP..126..398H,
       author = {{Howell}, Steve B. and {Sobeck}, Charlie and {Haas}, Michael and {Still}, Martin and {Barclay}, Thomas and {Mullally}, Fergal and {Troeltzsch}, John and {Aigrain}, Suzanne and {Bryson}, Stephen T. and {Caldwell}, Doug and {Chaplin}, William J. and {Cochran}, William D. and {Huber}, Daniel and {Marcy}, Geoffrey W. and {Miglio}, Andrea and {Najita}, Joan R. and {Smith}, Marcie and {Twicken}, J.~D. and {Fortney}, Jonathan J.},
        title = "{The K2 Mission: Characterization and Early Results}",
      journal = {\pasp},
     keywords = {Astrophysics - Instrumentation and Methods for Astrophysics, Astrophysics - Earth and Planetary Astrophysics},
         year = 2014,
        month = apr,
       volume = {126},
       number = {938},
        pages = {398},
          doi = {10.1086/676406},
archivePrefix = {arXiv},
       eprint = {1402.5163},
 primaryClass = {astro-ph.IM},
       adsurl = {https://ui.adsabs.harvard.edu/abs/2014PASP..126..398H},
      adsnote = {Provided by the SAO/NASA Astrophysics Data System}
}

@INPROCEEDINGS{2006ESASP1306...33B,
       author = {{Baglin}, A. and {Auvergne}, M. and {Barge}, P. and {Deleuil}, M. and {Catala}, C. and {Michel}, E. and {Weiss}, W. and {COROT Team}},
        title = "{Scientific Objectives for a Minisat: CoRoT}",
    booktitle = {The CoRoT Mission Pre-Launch Status - Stellar Seismology and Planet Finding},
         year = 2006,
       editor = {{Fridlund}, M. and {Baglin}, A. and {Lochard}, J. and {Conroy}, L.},
       series = {ESA Special Publication},
       volume = {1306},
        month = nov,
        pages = {33},
       adsurl = {https://ui.adsabs.harvard.edu/abs/2006ESASP1306...33B},
      adsnote = {Provided by the SAO/NASA Astrophysics Data System}
}




@ARTICLE{2015MNRAS.453.3821P,
       author = {{Parviainen}, H. and {Aigrain}, S.},
        title = "{LDTK: Limb Darkening Toolkit}",
      journal = {\mnras},
     keywords = {gravitational lensing: micro, methods: numerical, techniques: interferometric, planets and satellites: general, binaries: eclipsing, Astrophysics - Earth and Planetary Astrophysics, Astrophysics - Instrumentation and Methods for Astrophysics, Astrophysics - Solar and Stellar Astrophysics},
         year = 2015,
        month = nov,
       volume = {453},
       number = {4},
        pages = {3821-3826},
          doi = {10.1093/mnras/stv1857},
archivePrefix = {arXiv},
       eprint = {1508.02634},
 primaryClass = {astro-ph.EP},
       adsurl = {https://ui.adsabs.harvard.edu/abs/2015MNRAS.453.3821P},
      adsnote = {Provided by the SAO/NASA Astrophysics Data System}
}

@ARTICLE{2010Sci...327..977B,
       author = {{Borucki}, William J. and {Koch}, David and {Basri}, Gibor and {Batalha}, Natalie and {Brown}, Timothy and {Caldwell}, Douglas and {Caldwell}, John and {Christensen-Dalsgaard}, J{\o}rgen and {Cochran}, William D. and {DeVore}, Edna and {Dunham}, Edward W. and {Dupree}, Andrea K. and {Gautier}, Thomas N. and {Geary}, John C. and {Gilliland}, Ronald and {Gould}, Alan and {Howell}, Steve B. and {Jenkins}, Jon M. and {Kondo}, Yoji and {Latham}, David W. and {Marcy}, Geoffrey W. and {Meibom}, S{\o}ren and {Kjeldsen}, Hans and {Lissauer}, Jack J. and {Monet}, David G. and {Morrison}, David and {Sasselov}, Dimitar and {Tarter}, Jill and {Boss}, Alan and {Brownlee}, Don and {Owen}, Toby and {Buzasi}, Derek and {Charbonneau}, David and {Doyle}, Laurance and {Fortney}, Jonathan and {Ford}, Eric B. and {Holman}, Matthew J. and {Seager}, Sara and {Steffen}, Jason H. and {Welsh}, William F. and {Rowe}, Jason and {Anderson}, Howard and {Buchhave}, Lars and {Ciardi}, David and {Walkowicz}, Lucianne and {Sherry}, William and {Horch}, Elliott and {Isaacson}, Howard and {Everett}, Mark E. and {Fischer}, Debra and {Torres}, Guillermo and {Johnson}, John Asher and {Endl}, Michael and {MacQueen}, Phillip and {Bryson}, Stephen T. and {Dotson}, Jessie and {Haas}, Michael and {Kolodziejczak}, Jeffrey and {Van Cleve}, Jeffrey and {Chandrasekaran}, Hema and {Twicken}, Joseph D. and {Quintana}, Elisa V. and {Clarke}, Bruce D. and {Allen}, Christopher and {Li}, Jie and {Wu}, Haley and {Tenenbaum}, Peter and {Verner}, Ekaterina and {Bruhweiler}, Frederick and {Barnes}, Jason and {Prsa}, Andrej},
        title = "{Kepler Planet-Detection Mission: Introduction and First Results}",
      journal = {Science},
     keywords = {ASTRONOMY},
         year = 2010,
        month = feb,
       volume = {327},
       number = {5968},
        pages = {977},
          doi = {10.1126/science.1185402},
       adsurl = {https://ui.adsabs.harvard.edu/abs/2010Sci...327..977B},
      adsnote = {Provided by the SAO/NASA Astrophysics Data System}
}


@ARTICLE{2014A&A...571A..71C,
       author = {{Corsaro}, E. and {De Ridder}, J.},
        title = "{DIAMONDS: A new Bayesian nested sampling tool. Application to peak bagging of solar-like oscillations}",
      journal = {\aap},
     keywords = {methods: data analysis, methods: statistical, stars: individual: KIC 9139163, stars: solar-type, methods: numerical, stars: oscillations, Astrophysics - Instrumentation and Methods for Astrophysics, Astrophysics - Solar and Stellar Astrophysics},
         year = 2014,
        month = nov,
       volume = {571},
          eid = {A71},
        pages = {A71},
          doi = {10.1051/0004-6361/201424181},
archivePrefix = {arXiv},
       eprint = {1408.2515},
 primaryClass = {astro-ph.IM},
       adsurl = {https://ui.adsabs.harvard.edu/abs/2014A&A...571A..71C},
      adsnote = {Provided by the SAO/NASA Astrophysics Data System}
}

@ARTICLE{2015JATIS...1a4003R,
       author = {{Ricker}, George R. and {Winn}, Joshua N. and {Vanderspek}, Roland and {Latham}, David W. and {Bakos}, G{\'a}sp{\'a}r {\'A}. and {Bean}, Jacob L. and {Berta-Thompson}, Zachory K. and {Brown}, Timothy M. and {Buchhave}, Lars and {Butler}, Nathaniel R. and {Butler}, R. Paul and {Chaplin}, William J. and {Charbonneau}, David and {Christensen-Dalsgaard}, J{\o}rgen and {Clampin}, Mark and {Deming}, Drake and {Doty}, John and {De Lee}, Nathan and {Dressing}, Courtney and {Dunham}, Edward W. and {Endl}, Michael and {Fressin}, Francois and {Ge}, Jian and {Henning}, Thomas and {Holman}, Matthew J. and {Howard}, Andrew W. and {Ida}, Shigeru and {Jenkins}, Jon M. and {Jernigan}, Garrett and {Johnson}, John Asher and {Kaltenegger}, Lisa and {Kawai}, Nobuyuki and {Kjeldsen}, Hans and {Laughlin}, Gregory and {Levine}, Alan M. and {Lin}, Douglas and {Lissauer}, Jack J. and {MacQueen}, Phillip and {Marcy}, Geoffrey and {McCullough}, Peter R. and {Morton}, Timothy D. and {Narita}, Norio and {Paegert}, Martin and {Palle}, Enric and {Pepe}, Francesco and {Pepper}, Joshua and {Quirrenbach}, Andreas and {Rinehart}, Stephen A. and {Sasselov}, Dimitar and {Sato}, Bun'ei and {Seager}, Sara and {Sozzetti}, Alessandro and {Stassun}, Keivan G. and {Sullivan}, Peter and {Szentgyorgyi}, Andrew and {Torres}, Guillermo and {Udry}, Stephane and {Villasenor}, Joel},
        title = "{Transiting Exoplanet Survey Satellite (TESS)}",
      journal = {Journal of Astronomical Telescopes, Instruments, and Systems},
         year = 2015,
        month = jan,
       volume = {1},
          eid = {014003},
        pages = {014003},
          doi = {10.1117/1.JATIS.1.1.014003},
       adsurl = {https://ui.adsabs.harvard.edu/abs/2015JATIS...1a4003R},
      adsnote = {Provided by the SAO/NASA Astrophysics Data System}
}



@ARTICLE{2012MNRAS.419.3147A,
       author = {{Aigrain}, S. and {Pont}, F. and {Zucker}, S.},
        title = "{A simple method to estimate radial velocity variations due to stellar activity using photometry}",
      journal = {\mnras},
     keywords = {methods: data analysis, techniques: photometric, techniques: radial velocities, Sun: activity, planetary systems, stars: individual: HD 189733, Astrophysics - Solar and Stellar Astrophysics},
         year = 2012,
        month = feb,
       volume = {419},
       number = {4},
        pages = {3147-3158},
          doi = {10.1111/j.1365-2966.2011.19960.x},
archivePrefix = {arXiv},
       eprint = {1110.1034},
 primaryClass = {astro-ph.SR},
       adsurl = {https://ui.adsabs.harvard.edu/abs/2012MNRAS.419.3147A},
      adsnote = {Provided by the SAO/NASA Astrophysics Data System}
}

@ARTICLE{2012RSPTA.37110550R,
       author = {{Roberts}, S. and {Osborne}, M. and {Ebden}, M. and {Reece}, S. and {Gibson}, N. and {Aigrain}, S.},
        title = "{Gaussian processes for time-series modelling}",
      journal = {Philosophical Transactions of the Royal Society of London Series A},
         year = 2012,
        month = dec,
       volume = {371},
       number = {1984},
        pages = {20110550-20110550},
          doi = {10.1098/rsta.2011.0550},
       adsurl = {https://ui.adsabs.harvard.edu/abs/2012RSPTA.37110550R},
      adsnote = {Provided by the SAO/NASA Astrophysics Data System}
}

@ARTICLE{2021ExA....51..109B,
       author = {{Benz}, W. and {Broeg}, C. and {Fortier}, A. and {Rando}, N. and {Beck}, T. and {Beck}, M. and {Queloz}, D. and {Ehrenreich}, D. and {Maxted}, P.~F.~L. and {Isaak}, K.~G. and {Billot}, N. and {Alibert}, Y. and {Alonso}, R. and {Ant{\'o}nio}, C. and {Asquier}, J. and {Bandy}, T. and {B{\'a}rczy}, T. and {Barrado}, D. and {Barros}, S.~C.~C. and {Baumjohann}, W. and {Bekkelien}, A. and {Bergomi}, M. and {Biondi}, F. and {Bonfils}, X. and {Borsato}, L. and {Brandeker}, A. and {Busch}, M. -D. and {Cabrera}, J. and {Cessa}, V. and {Charnoz}, S. and {Chazelas}, B. and {Collier Cameron}, A. and {Corral Van Damme}, C. and {Cortes}, D. and {Davies}, M.~B. and {Deleuil}, M. and {Deline}, A. and {Delrez}, L. and {Demangeon}, O. and {Demory}, B.~O. and {Erikson}, A. and {Farinato}, J. and {Fossati}, L. and {Fridlund}, M. and {Futyan}, D. and {Gandolfi}, D. and {Garcia Munoz}, A. and {Gillon}, M. and {Guterman}, P. and {Gutierrez}, A. and {Hasiba}, J. and {Heng}, K. and {Hernandez}, E. and {Hoyer}, S. and {Kiss}, L.~L. and {Kovacs}, Z. and {Kuntzer}, T. and {Laskar}, J. and {Lecavelier des Etangs}, A. and {Lendl}, M. and {L{\'o}pez}, A. and {Lora}, I. and {Lovis}, C. and {L{\"u}ftinger}, T. and {Magrin}, D. and {Malvasio}, L. and {Marafatto}, L. and {Michaelis}, H. and {de Miguel}, D. and {Modrego}, D. and {Munari}, M. and {Nascimbeni}, V. and {Olofsson}, G. and {Ottacher}, H. and {Ottensamer}, R. and {Pagano}, I. and {Palacios}, R. and {Pall{\'e}}, E. and {Peter}, G. and {Piazza}, D. and {Piotto}, G. and {Pizarro}, A. and {Pollaco}, D. and {Ragazzoni}, R. and {Ratti}, F. and {Rauer}, H. and {Ribas}, I. and {Rieder}, M. and {Rohlfs}, R. and {Safa}, F. and {Salatti}, M. and {Santos}, N.~C. and {Scandariato}, G. and {S{\'e}gransan}, D. and {Simon}, A.~E. and {Smith}, A.~M.~S. and {Sordet}, M. and {Sousa}, S.~G. and {Steller}, M. and {Szab{\'o}}, G.~M. and {Szoke}, J. and {Thomas}, N. and {Tschentscher}, M. and {Udry}, S. and {Van Grootel}, V. and {Viotto}, V. and {Walter}, I. and {Walton}, N.~A. and {Wildi}, F. and {Wolter}, D.},
        title = "{The CHEOPS mission}",
      journal = {Experimental Astronomy},
     keywords = {Exoplanets, CHEOPS, Small mission, High-precision transit photometry, Astrophysics - Instrumentation and Methods for Astrophysics, Astrophysics - Earth and Planetary Astrophysics},
         year = 2021,
        month = feb,
       volume = {51},
       number = {1},
        pages = {109-151},
          doi = {10.1007/s10686-020-09679-4},
archivePrefix = {arXiv},
       eprint = {2009.11633},
 primaryClass = {astro-ph.IM},
       adsurl = {https://ui.adsabs.harvard.edu/abs/2021ExA....51..109B},
      adsnote = {Provided by the SAO/NASA Astrophysics Data System}
}

@ARTICLE{2006SSRv..123..485G,
       author = {{Gardner}, Jonathan P. and {Mather}, John C. and {Clampin}, Mark and {Doyon}, Rene and {Greenhouse}, Matthew A. and {Hammel}, Heidi B. and {Hutchings}, John B. and {Jakobsen}, Peter and {Lilly}, Simon J. and {Long}, Knox S. and {Lunine}, Jonathan I. and {McCaughrean}, Mark J. and {Mountain}, Matt and {Nella}, John and {Rieke}, George H. and {Rieke}, Marcia J. and {Rix}, Hans-Walter and {Smith}, Eric P. and {Sonneborn}, George and {Stiavelli}, Massimo and {Stockman}, H.~S. and {Windhorst}, Rogier A. and {Wright}, Gillian S.},
        title = "{The James Webb Space Telescope}",
      journal = {\ssr},
     keywords = {galaxies: formation, infrared: general, planetary systems, space vehicles: instruments, stars: formation, Astrophysics},
         year = 2006,
        month = apr,
       volume = {123},
       number = {4},
        pages = {485-606},
          doi = {10.1007/s11214-006-8315-7},
archivePrefix = {arXiv},
       eprint = {astro-ph/0606175},
 primaryClass = {astro-ph},
       adsurl = {https://ui.adsabs.harvard.edu/abs/2006SSRv..123..485G},
      adsnote = {Provided by the SAO/NASA Astrophysics Data System}
}



@ARTICLE{2014MNRAS.443.2517H,
       author = {{Haywood}, R.~D. and {Collier Cameron}, A. and {Queloz}, D. and {Barros}, S.~C.~C. and {Deleuil}, M. and {Fares}, R. and {Gillon}, M. and {Lanza}, A.~F. and {Lovis}, C. and {Moutou}, C. and {Pepe}, F. and {Pollacco}, D. and {Santerne}, A. and {S{\'e}gransan}, D. and {Unruh}, Y.~C.},
        title = "{Planets and stellar activity: hide and seek in the CoRoT-7 system}",
      journal = {\mnras},
     keywords = {techniques: radial velocities, stars: activity, stars: individual: CoRoT-7, planetary systems, Astrophysics - Earth and Planetary Astrophysics, Astrophysics - Solar and Stellar Astrophysics},
         year = 2014,
        month = sep,
       volume = {443},
       number = {3},
        pages = {2517-2531},
          doi = {10.1093/mnras/stu1320},
archivePrefix = {arXiv},
       eprint = {1407.1044},
 primaryClass = {astro-ph.EP},
       adsurl = {https://ui.adsabs.harvard.edu/abs/2014MNRAS.443.2517H},
      adsnote = {Provided by the SAO/NASA Astrophysics Data System}
}

@ARTICLE{2012Natur.491..207D,
       author = {{Dumusque}, Xavier and {Pepe}, Francesco and {Lovis}, Christophe and {S{\'e}gransan}, Damien and {Sahlmann}, Johannes and {Benz}, Willy and {Bouchy}, Fran{\c{c}}ois and {Mayor}, Michel and {Queloz}, Didier and {Santos}, Nuno and {Udry}, St{\'e}phane},
        title = "{An Earth-mass planet orbiting {\ensuremath{\alpha}} Centauri B}",
      journal = {\nat},
         year = 2012,
        month = nov,
       volume = {491},
       number = {7423},
        pages = {207-211},
          doi = {10.1038/nature11572},
       adsurl = {https://ui.adsabs.harvard.edu/abs/2012Natur.491..207D},
      adsnote = {Provided by the SAO/NASA Astrophysics Data System}
}



@article{doi:10.1146/annurev.aa.30.090192.001523,
author = {Blandford, R. D. and Narayan, R.},
title = {Cosmological Applications of Gravitational Lensing},
journal = {Annual Review of Astronomy and Astrophysics},
volume = {30},
number = {1},
pages = {311-358},
year = {1992},
doi = {10.1146/annurev.aa.30.090192.001523},

URL = {
        https://doi.org/10.1146/annurev.aa.30.090192.001523

},
eprint = {
        https://doi.org/10.1146/annurev.aa.30.090192.001523

}

}

@ARTICLE{2013ApJ...772L..16E,
       author = {{Evans}, Thomas M. and {Pont}, Fr{\'e}d{\'e}ric and {Sing}, David K. and {Aigrain}, Suzanne and {Barstow}, Joanna K. and {D{\'e}sert}, Jean-Michel and {Gibson}, Neale and {Heng}, Kevin and {Knutson}, Heather A. and {Lecavelier des Etangs}, Alain},
        title = "{The Deep Blue Color of HD 189733b: Albedo Measurements with Hubble Space Telescope/Space Telescope Imaging Spectrograph at Visible Wavelengths}",
      journal = {\apjl},
     keywords = {planets and satellites: atmospheres, stars: individual: HD 189733, techniques: photometric, Astrophysics - Earth and Planetary Astrophysics},
         year = 2013,
        month = aug,
       volume = {772},
       number = {2},
          eid = {L16},
        pages = {L16},
          doi = {10.1088/2041-8205/772/2/L16},
archivePrefix = {arXiv},
       eprint = {1307.3239},
 primaryClass = {astro-ph.EP},
       adsurl = {https://ui.adsabs.harvard.edu/abs/2013ApJ...772L..16E},
      adsnote = {Provided by the SAO/NASA Astrophysics Data System}
}

@ARTICLE{2017Natur.548...58E,
       author = {{Evans}, Thomas M. and {Sing}, David K. and {Kataria}, Tiffany and {Goyal}, Jayesh and {Nikolov}, Nikolay and {Wakeford}, Hannah R. and {Deming}, Drake and {Marley}, Mark S. and {Amundsen}, David S. and {Ballester}, Gilda E. and {Barstow}, Joanna K. and {Ben-Jaffel}, Lotfi and {Bourrier}, Vincent and {Buchhave}, Lars A. and {Cohen}, Ofer and {Ehrenreich}, David and {Garc{\'\i}a Mu{\~n}oz}, Antonio and {Henry}, Gregory W. and {Knutson}, Heather and {Lavvas}, Panayotis and {Lecavelier Des Etangs}, Alain and {Lewis}, Nikole K. and {L{\'o}pez-Morales}, Mercedes and {Mandell}, Avi M. and {Sanz-Forcada}, Jorge and {Tremblin}, Pascal and {Lupu}, Roxana},
        title = "{An ultrahot gas-giant exoplanet with a stratosphere}",
      journal = {\nat},
     keywords = {Astrophysics - Earth and Planetary Astrophysics},
         year = 2017,
        month = aug,
       volume = {548},
       number = {7665},
        pages = {58-61},
          doi = {10.1038/nature23266},
archivePrefix = {arXiv},
       eprint = {1708.01076},
 primaryClass = {astro-ph.EP},
       adsurl = {https://ui.adsabs.harvard.edu/abs/2017Natur.548...58E},
      adsnote = {Provided by the SAO/NASA Astrophysics Data System}
}

@ARTICLE{2011MNRAS.411.2199G,
       author = {{Gibson}, N.~P. and {Pont}, F. and {Aigrain}, S.},
        title = "{A new look at NICMOS transmission spectroscopy of HD 189733, GJ-436 and XO-1: no conclusive evidence for molecular features}",
      journal = {\mnras},
     keywords = {methods: data analysis, techniques: spectroscopic, stars: individual: HD 189733, stars: individual: GJ-436, stars: individual: XO-1, planetary systems, Astrophysics - Earth and Planetary Astrophysics},
         year = 2011,
        month = mar,
       volume = {411},
       number = {4},
        pages = {2199-2213},
          doi = {10.1111/j.1365-2966.2010.17837.x},
archivePrefix = {arXiv},
       eprint = {1010.1753},
 primaryClass = {astro-ph.EP},
       adsurl = {https://ui.adsabs.harvard.edu/abs/2011MNRAS.411.2199G},
      adsnote = {Provided by the SAO/NASA Astrophysics Data System}
}

@ARTICLE{2015MNRAS.451..680E,
       author = {{Evans}, Thomas M. and {Aigrain}, Suzanne and {Gibson}, Neale and {Barstow}, Joanna K. and {Amundsen}, David S. and {Tremblin}, Pascal and {Mourier}, Pierre},
        title = "{A uniform analysis of HD 209458b Spitzer/IRAC light curves with Gaussian process models}",
      journal = {\mnras},
     keywords = {methods: data analysis, planets and satellites: atmospheres, planets and satellites: general, stars: individual: HD 209458, Astrophysics - Earth and Planetary Astrophysics},
         year = 2015,
        month = jul,
       volume = {451},
       number = {1},
        pages = {680-694},
          doi = {10.1093/mnras/stv910},
archivePrefix = {arXiv},
       eprint = {1504.05942},
 primaryClass = {astro-ph.EP},
       adsurl = {https://ui.adsabs.harvard.edu/abs/2015MNRAS.451..680E},
      adsnote = {Provided by the SAO/NASA Astrophysics Data System}
}


@ARTICLE{2021PASP..133i3001H,
       author = {{Hogg}, David W. and {Villar}, Soledad},
        title = "{Fitting Very Flexible Models: Linear Regression With Large Numbers of Parameters}",
      journal = {\pasp},
     keywords = {Regression, Linear regression, Gaussian Processes regression, Physics - Data Analysis, Statistics and Probability, Astrophysics - Instrumentation and Methods for Astrophysics, Computer Science - Machine Learning},
         year = 2021,
        month = sep,
       volume = {133},
       number = {1027},
          eid = {093001},
        pages = {093001},
          doi = {10.1088/1538-3873/ac20ac},
archivePrefix = {arXiv},
       eprint = {2101.07256},
 primaryClass = {physics.data-an},
       adsurl = {https://ui.adsabs.harvard.edu/abs/2021PASP..133i3001H},
      adsnote = {Provided by the SAO/NASA Astrophysics Data System}
}

@ARTICLE{2018MNRAS.474.2094A,
       author = {{Angus}, Ruth and {Morton}, Timothy and {Aigrain}, Suzanne and {Foreman-Mackey}, Daniel and {Rajpaul}, Vinesh},
        title = "{Inferring probabilistic stellar rotation periods using Gaussian processes}",
      journal = {\mnras},
     keywords = {methods: data analysis, methods: statistical, techniques: photometric, stars: rotation, stars: solar-type, starspots, Astrophysics - Solar and Stellar Astrophysics, Astrophysics - Instrumentation and Methods for Astrophysics},
         year = 2018,
        month = feb,
       volume = {474},
       number = {2},
        pages = {2094-2108},
          doi = {10.1093/mnras/stx2109},
archivePrefix = {arXiv},
       eprint = {1706.05459},
 primaryClass = {astro-ph.SR},
       adsurl = {https://ui.adsabs.harvard.edu/abs/2018MNRAS.474.2094A},
      adsnote = {Provided by the SAO/NASA Astrophysics Data System}
}

@ARTICLE{wotan,
       author = {{Hippke}, Michael and {David}, Trevor J. and {Mulders}, Gijs D. and {Heller}, Ren{\'e}},
        title = "{W{\={o}}tan: Comprehensive Time-series Detrending in Python}",
      journal = {\aj},
     keywords = {eclipses, methods: data analysis, methods: statistical, planetary systems, planets and satellites: detection, Astrophysics - Earth and Planetary Astrophysics, Astrophysics - Instrumentation and Methods for Astrophysics},
         year = 2019,
        month = oct,
       volume = {158},
       number = {4},
          eid = {143},
        pages = {143},
          doi = {10.3847/1538-3881/ab3984},
archivePrefix = {arXiv},
       eprint = {1906.00966},
 primaryClass = {astro-ph.EP},
       adsurl = {https://ui.adsabs.harvard.edu/abs/2019AJ....158..143H},
      adsnote = {Provided by the SAO/NASA Astrophysics Data System}
}

@ARTICLE{2016ApJS..226....7C,
       author = {{Crossfield}, Ian J.~M. and {Ciardi}, David R. and {Petigura}, Erik A. and {Sinukoff}, Evan and {Schlieder}, Joshua E. and {Howard}, Andrew W. and {Beichman}, Charles A. and {Isaacson}, Howard and {Dressing}, Courtney D. and {Christiansen}, Jessie L. and {Fulton}, Benjamin J. and {L{\'e}pine}, S{\'e}bastien and {Weiss}, Lauren and {Hirsch}, Lea and {Livingston}, John and {Baranec}, Christoph and {Law}, Nicholas M. and {Riddle}, Reed and {Ziegler}, Carl and {Howell}, Steve B. and {Horch}, Elliott and {Everett}, Mark and {Teske}, Johanna and {Martinez}, Arturo O. and {Obermeier}, Christian and {Benneke}, Bj{\"o}rn and {Scott}, Nic and {Deacon}, Niall and {Aller}, Kimberly M. and {Hansen}, Brad M.~S. and {Mancini}, Luigi and {Ciceri}, Simona and {Brahm}, Rafael and {Jord{\'a}n}, Andr{\'e}s and {Knutson}, Heather A. and {Henning}, Thomas and {Bonnefoy}, Micha{\"e}l and {Liu}, Michael C. and {Crepp}, Justin R. and {Lothringer}, Joshua and {Hinz}, Phil and {Bailey}, Vanessa and {Skemer}, Andrew and {Defrere}, Denis},
        title = "{197 Candidates and 104 Validated Planets in K2{\textquoteright}s First Five Fields}",
      journal = {\apjs},
     keywords = {catalogs, planets and satellites: fundamental parameters, planets and satellites: general, techniques: high angular resolution, techniques: photometric, techniques: spectroscopic, Astrophysics - Earth and Planetary Astrophysics},
         year = 2016,
        month = sep,
       volume = {226},
       number = {1},
          eid = {7},
        pages = {7},
          doi = {10.3847/0067-0049/226/1/7},
archivePrefix = {arXiv},
       eprint = {1607.05263},
 primaryClass = {astro-ph.EP},
       adsurl = {https://ui.adsabs.harvard.edu/abs/2016ApJS..226....7C},
      adsnote = {Provided by the SAO/NASA Astrophysics Data System}
}

@ARTICLE{2015MNRAS.447.2880A,
       author = {{Aigrain}, S. and {Hodgkin}, S.~T. and {Irwin}, M.~J. and {Lewis}, J.~R. and {Roberts}, S.~J.},
        title = "{Precise time series photometry for the Kepler-2.0 mission}",
      journal = {\mnras},
     keywords = {methods: data analysis, techniques: photometric, Astrophysics - Instrumentation and Methods for Astrophysics},
         year = 2015,
        month = mar,
       volume = {447},
       number = {3},
        pages = {2880-2893},
          doi = {10.1093/mnras/stu2638},
archivePrefix = {arXiv},
       eprint = {1412.6304},
 primaryClass = {astro-ph.IM},
       adsurl = {https://ui.adsabs.harvard.edu/abs/2015MNRAS.447.2880A},
      adsnote = {Provided by the SAO/NASA Astrophysics Data System}
}

@ARTICLE{2016MNRAS.459.2408A,
       author = {{Aigrain}, S. and {Parviainen}, H. and {Pope}, B.~J.~S.},
        title = "{K2SC: flexible systematics correction and detrending of K2 light curves using Gaussian process regression}",
      journal = {\mnras},
     keywords = {methods: data analysis, planetary systems, stars: rotation, Astrophysics - Solar and Stellar Astrophysics, Astrophysics - Earth and Planetary Astrophysics, Astrophysics - Instrumentation and Methods for Astrophysics},
         year = 2016,
        month = jul,
       volume = {459},
       number = {3},
        pages = {2408-2419},
          doi = {10.1093/mnras/stw706},
archivePrefix = {arXiv},
       eprint = {1603.09167},
 primaryClass = {astro-ph.SR},
       adsurl = {https://ui.adsabs.harvard.edu/abs/2016MNRAS.459.2408A},
      adsnote = {Provided by the SAO/NASA Astrophysics Data System}
}









@ARTICLE{2014PASP..126..948V,
       author = {{Vanderburg}, Andrew and {Johnson}, John Asher},
        title = "{A Technique for Extracting Highly Precise Photometry for the Two-Wheeled Kepler Mission}",
      journal = {\pasp},
     keywords = {Astrophysics - Instrumentation and Methods for Astrophysics, Astrophysics - Earth and Planetary Astrophysics, Astrophysics - Solar and Stellar Astrophysics},
         year = 2014,
        month = oct,
       volume = {126},
       number = {944},
        pages = {948},
          doi = {10.1086/678764},
archivePrefix = {arXiv},
       eprint = {1408.3853},
 primaryClass = {astro-ph.IM},
       adsurl = {https://ui.adsabs.harvard.edu/abs/2014PASP..126..948V},
      adsnote = {Provided by the SAO/NASA Astrophysics Data System}
}

@ARTICLE{2016MNRAS.456L...6R,
       author = {{Rajpaul}, V. and {Aigrain}, S. and {Roberts}, S.},
        title = "{Ghost in the time series: no planet for Alpha Cen B}",
      journal = {\mnras},
     keywords = {methods: data analysis, techniques: radial velocities, stars: activity, stars: individual: Alpha Cen B, planetary systems, Astrophysics - Earth and Planetary Astrophysics, Astrophysics - Instrumentation and Methods for Astrophysics},
         year = 2016,
        month = feb,
       volume = {456},
       number = {1},
        pages = {L6-L10},
          doi = {10.1093/mnrasl/slv164},
archivePrefix = {arXiv},
       eprint = {1510.05598},
 primaryClass = {astro-ph.EP},
       adsurl = {https://ui.adsabs.harvard.edu/abs/2016MNRAS.456L...6R},
      adsnote = {Provided by the SAO/NASA Astrophysics Data System}
}


@ARTICLE{everest1,
       author = {{Luger}, Rodrigo and {Agol}, Eric and {Kruse}, Ethan and {Barnes}, Rory and {Becker}, Andrew and {Foreman-Mackey}, Daniel and {Deming}, Drake},
        title = "{EVEREST: Pixel Level Decorrelation of K2 Light Curves}",
      journal = {\aj},
     keywords = {catalogs, planets and satellites: detection, techniques: photometric, Astrophysics - Earth and Planetary Astrophysics},
         year = 2016,
        month = oct,
       volume = {152},
       number = {4},
          eid = {100},
        pages = {100},
          doi = {10.3847/0004-6256/152/4/100},
archivePrefix = {arXiv},
       eprint = {1607.00524},
 primaryClass = {astro-ph.EP},
       adsurl = {https://ui.adsabs.harvard.edu/abs/2016AJ....152..100L},
      adsnote = {Provided by the SAO/NASA Astrophysics Data System}
}


@ARTICLE{everest2,
       author = {{Luger}, Rodrigo and {Kruse}, Ethan and {Foreman-Mackey}, Daniel and {Agol}, Eric and {Saunders}, Nicholas},
        title = "{An Update to the EVEREST K2 Pipeline: Short Cadence, Saturated Stars, and Kepler-like Photometry Down to Kp = 15}",
      journal = {\aj},
     keywords = {catalogs, planets and satellites: detection, techniques: photometric, Astrophysics - Instrumentation and Methods for Astrophysics, Astrophysics - Earth and Planetary Astrophysics},
         year = 2018,
        month = sep,
       volume = {156},
       number = {3},
          eid = {99},
        pages = {99},
          doi = {10.3847/1538-3881/aad230},
archivePrefix = {arXiv},
       eprint = {1702.05488},
 primaryClass = {astro-ph.IM},
       adsurl = {https://ui.adsabs.harvard.edu/abs/2018AJ....156...99L},
      adsnote = {Provided by the SAO/NASA Astrophysics Data System}
}


@ARTICLE{2015ApJ...800...46B,
       author = {{Barclay}, Thomas and {Endl}, Michael and {Huber}, Daniel and {Foreman-Mackey}, Daniel and {Cochran}, William D. and {MacQueen}, Phillip J. and {Rowe}, Jason F. and {Quintana}, Elisa V.},
        title = "{Radial Velocity Observations and Light Curve Noise Modeling Confirm that Kepler-91b is a Giant Planet Orbiting a Giant Star}",
      journal = {\apj},
     keywords = {methods: data analysis, methods: statistical, planetary systems, stars: individual: Kepler-91 KIC 8219268 KOI-2133, techniques: photometric, techniques: radial velocities, Astrophysics - Earth and Planetary Astrophysics},
         year = 2015,
        month = feb,
       volume = {800},
       number = {1},
          eid = {46},
        pages = {46},
          doi = {10.1088/0004-637X/800/1/46},
archivePrefix = {arXiv},
       eprint = {1408.3149},
 primaryClass = {astro-ph.EP},
       adsurl = {https://ui.adsabs.harvard.edu/abs/2015ApJ...800...46B},
      adsnote = {Provided by the SAO/NASA Astrophysics Data System}
}

@ARTICLE{2015ApJ...806..215F,
       author = {{Foreman-Mackey}, Daniel and {Montet}, Benjamin T. and {Hogg}, David W. and {Morton}, Timothy D. and {Wang}, Dun and {Sch{\"o}lkopf}, Bernhard},
        title = "{A Systematic Search for Transiting Planets in the K2 Data}",
      journal = {\apj},
     keywords = {catalogs, methods: data analysis, methods: statistical, planetary systems, stars: statistics, Astrophysics - Earth and Planetary Astrophysics, Astrophysics - Instrumentation and Methods for Astrophysics},
         year = 2015,
        month = jun,
       volume = {806},
       number = {2},
          eid = {215},
        pages = {215},
          doi = {10.1088/0004-637X/806/2/215},
archivePrefix = {arXiv},
       eprint = {1502.04715},
 primaryClass = {astro-ph.EP},
       adsurl = {https://ui.adsabs.harvard.edu/abs/2015ApJ...806..215F},
      adsnote = {Provided by the SAO/NASA Astrophysics Data System}
}

@ARTICLE{2015JATIS...1a4003R,
       author = {{Ricker}, George R. and {Winn}, Joshua N. and {Vanderspek}, Roland and {Latham}, David W. and {Bakos}, G{\'a}sp{\'a}r {\'A}. and {Bean}, Jacob L. and {Berta-Thompson}, Zachory K. and {Brown}, Timothy M. and {Buchhave}, Lars and {Butler}, Nathaniel R. and {Butler}, R. Paul and {Chaplin}, William J. and {Charbonneau}, David and {Christensen-Dalsgaard}, J{\o}rgen and {Clampin}, Mark and {Deming}, Drake and {Doty}, John and {De Lee}, Nathan and {Dressing}, Courtney and {Dunham}, Edward W. and {Endl}, Michael and {Fressin}, Francois and {Ge}, Jian and {Henning}, Thomas and {Holman}, Matthew J. and {Howard}, Andrew W. and {Ida}, Shigeru and {Jenkins}, Jon M. and {Jernigan}, Garrett and {Johnson}, John Asher and {Kaltenegger}, Lisa and {Kawai}, Nobuyuki and {Kjeldsen}, Hans and {Laughlin}, Gregory and {Levine}, Alan M. and {Lin}, Douglas and {Lissauer}, Jack J. and {MacQueen}, Phillip and {Marcy}, Geoffrey and {McCullough}, Peter R. and {Morton}, Timothy D. and {Narita}, Norio and {Paegert}, Martin and {Palle}, Enric and {Pepe}, Francesco and {Pepper}, Joshua and {Quirrenbach}, Andreas and {Rinehart}, Stephen A. and {Sasselov}, Dimitar and {Sato}, Bun'ei and {Seager}, Sara and {Sozzetti}, Alessandro and {Stassun}, Keivan G. and {Sullivan}, Peter and {Szentgyorgyi}, Andrew and {Torres}, Guillermo and {Udry}, Stephane and {Villasenor}, Joel},
        title = "{Transiting Exoplanet Survey Satellite (TESS)}",
      journal = {Journal of Astronomical Telescopes, Instruments, and Systems},
         year = 2015,
        month = jan,
       volume = {1},
          eid = {014003},
        pages = {014003},
          doi = {10.1117/1.JATIS.1.1.014003},
       adsurl = {https://ui.adsabs.harvard.edu/abs/2015JATIS...1a4003R},
      adsnote = {Provided by the SAO/NASA Astrophysics Data System}
}


@ARTICLE{2009ApJ...704...51C,
       author = {{Carter}, Joshua A. and {Winn}, Joshua N.},
        title = "{Parameter Estimation from Time-series Data with Correlated Errors: A Wavelet-based Method and its Application to Transit Light Curves}",
      journal = {\apj},
     keywords = {methods: statistical, planetary systems, techniques: photometric, Astrophysics - Earth and Planetary Astrophysics, Physics - Data Analysis, Statistics and Probability},
         year = 2009,
        month = oct,
       volume = {704},
       number = {1},
        pages = {51-67},
          doi = {10.1088/0004-637X/704/1/51},
archivePrefix = {arXiv},
       eprint = {0909.0747},
 primaryClass = {astro-ph.EP},
       adsurl = {https://ui.adsabs.harvard.edu/abs/2009ApJ...704...51C},
      adsnote = {Provided by the SAO/NASA Astrophysics Data System}
}

@ARTICLE{2014ApJ...788..148S,
       author = {{Sliski}, David H. and {Kipping}, David M.},
        title = "{A High False Positive Rate for Kepler Planetary Candidates of Giant Stars using Asterodensity Profiling}",
      journal = {\apj},
     keywords = {eclipses, methods: data analysis, planetary systems, planets and satellites: general, techniques: photometric, Astrophysics - Earth and Planetary Astrophysics},
         year = 2014,
        month = jun,
       volume = {788},
       number = {2},
          eid = {148},
        pages = {148},
          doi = {10.1088/0004-637X/788/2/148},
archivePrefix = {arXiv},
       eprint = {1401.1207},
 primaryClass = {astro-ph.EP},
       adsurl = {https://ui.adsabs.harvard.edu/abs/2014ApJ...788..148S},
      adsnote = {Provided by the SAO/NASA Astrophysics Data System}
}

@ARTICLE{2020A&A...634A..75B,
       author = {{Barros}, S.~C.~C. and {Demangeon}, O. and {D{\'\i}az}, R.~F. and {Cabrera}, J. and {Santos}, N.~C. and {Faria}, J.~P. and {Pereira}, F.},
        title = "{Improving transit characterisation with Gaussian process modelling of stellar variability}",
      journal = {\aap},
     keywords = {planets and satellites: fundamental parameters, planets and satellites: composition, methods: data analysis, techniques: photometric, stars: activity, Astrophysics - Earth and Planetary Astrophysics, Astrophysics - Instrumentation and Methods for Astrophysics, Astrophysics - Solar and Stellar Astrophysics},
         year = 2020,
        month = feb,
       volume = {634},
          eid = {A75},
        pages = {A75},
          doi = {10.1051/0004-6361/201936086},
archivePrefix = {arXiv},
       eprint = {2001.07975},
 primaryClass = {astro-ph.EP},
       adsurl = {https://ui.adsabs.harvard.edu/abs/2020A&A...634A..75B},
      adsnote = {Provided by the SAO/NASA Astrophysics Data System}
}

@ARTICLE{2021A&A...645A..58P,
       author = {{Perger}, M. and {Anglada-Escud{\'e}}, G. and {Ribas}, I. and {Rosich}, A. and {Herrero}, E. and {Morales}, J.~C.},
        title = "{Auto-correlation functions of astrophysical processes, and their relation to Gaussian processes. Application to radial velocities of different starspot configurations}",
      journal = {\aap},
     keywords = {planets and satellites: detection, techniques: radial velocities, stars: activity, methods: data analysis, Astrophysics - Earth and Planetary Astrophysics, Astrophysics - Solar and Stellar Astrophysics},
         year = 2021,
        month = jan,
       volume = {645},
          eid = {A58},
        pages = {A58},
          doi = {10.1051/0004-6361/202039594},
archivePrefix = {arXiv},
       eprint = {2012.01862},
 primaryClass = {astro-ph.EP},
       adsurl = {https://ui.adsabs.harvard.edu/abs/2021A&A...645A..58P},
      adsnote = {Provided by the SAO/NASA Astrophysics Data System}
}

@ARTICLE{2022MNRAS.tmp.2007N,
       author = {{Nicholson}, B.~A. and {Aigrain}, S.},
        title = "{Quasi-periodic Gaussian processes for stellar activity: From physical to kernel parameters}",
      journal = {\mnras},
     keywords = {stars: activity, methods: data analysis, techniques: photometric, techniques: radial velocities, Astrophysics - Solar and Stellar Astrophysics, Astrophysics - Earth and Planetary Astrophysics, Astrophysics - Instrumentation and Methods for Astrophysics},
         year = 2022,
        month = jul,
          doi = {10.1093/mnras/stac2097},
archivePrefix = {arXiv},
       eprint = {2207.12164},
 primaryClass = {astro-ph.SR},
       adsurl = {https://ui.adsabs.harvard.edu/abs/2022MNRAS.tmp.2007N},
      adsnote = {Provided by the SAO/NASA Astrophysics Data System}
}

@ARTICLE{2021AJ....162..123L,
       author = {{Luger}, Rodrigo and {Foreman-Mackey}, Daniel and {Hedges}, Christina and {Hogg}, David W.},
        title = "{Mapping Stellar Surfaces. I. Degeneracies in the Rotational Light-curve Problem}",
      journal = {\aj},
     keywords = {Time series analysis, Light curves, Stellar surfaces, Starspots, 1916, 918, 1632, 1572, Astrophysics - Solar and Stellar Astrophysics, Astrophysics - Instrumentation and Methods for Astrophysics},
         year = 2021,
        month = sep,
       volume = {162},
       number = {3},
          eid = {123},
        pages = {123},
          doi = {10.3847/1538-3881/abfdb8},
archivePrefix = {arXiv},
       eprint = {2102.00007},
 primaryClass = {astro-ph.SR},
       adsurl = {https://ui.adsabs.harvard.edu/abs/2021AJ....162..123L},
      adsnote = {Provided by the SAO/NASA Astrophysics Data System}
}

@ARTICLE{2021AJ....162..124L,
       author = {{Luger}, Rodrigo and {Foreman-Mackey}, Daniel and {Hedges}, Christina},
        title = "{Mapping Stellar Surfaces. II. An Interpretable Gaussian Process Model for Light Curves}",
      journal = {\aj},
     keywords = {Analytical mathematics, Time series analysis, Gaussian Processes regression, Starspots, 38, 1916, 1930, 1572, Astrophysics - Solar and Stellar Astrophysics, Astrophysics - Earth and Planetary Astrophysics, Astrophysics - Instrumentation and Methods for Astrophysics},
         year = 2021,
        month = sep,
       volume = {162},
       number = {3},
          eid = {124},
        pages = {124},
          doi = {10.3847/1538-3881/abfdb9},
archivePrefix = {arXiv},
       eprint = {2102.01697},
 primaryClass = {astro-ph.SR},
       adsurl = {https://ui.adsabs.harvard.edu/abs/2021AJ....162..124L},
      adsnote = {Provided by the SAO/NASA Astrophysics Data System}
}



@ARTICLE{2015MNRAS.452.2269R,
       author = {{Rajpaul}, V. and {Aigrain}, S. and {Osborne}, M.~A. and {Reece}, S. and {Roberts}, S.},
        title = "{A Gaussian process framework for modelling stellar activity signals in radial velocity data}",
      journal = {\mnras},
     keywords = {methods: data analysis, techniques: radial velocities, stars: activity, stars: individual: Alpha Centauri B, stars: individual: Gliese 15 A, planetary systems, Astrophysics - Earth and Planetary Astrophysics, Astrophysics - Instrumentation and Methods for Astrophysics},
         year = 2015,
        month = sep,
       volume = {452},
       number = {3},
        pages = {2269-2291},
          doi = {10.1093/mnras/stv1428},
archivePrefix = {arXiv},
       eprint = {1506.07304},
 primaryClass = {astro-ph.EP},
       adsurl = {https://ui.adsabs.harvard.edu/abs/2015MNRAS.452.2269R},
      adsnote = {Provided by the SAO/NASA Astrophysics Data System}
}
@ARTICLE{2010A&A...512A..39M,
       author = {{Meunier}, N. and {Desort}, M. and {Lagrange}, A. -M.},
        title = "{Using the Sun to estimate Earth-like planets detection capabilities . II. Impact of plages}",
      journal = {\aap},
     keywords = {techniques: radial velocities, starspots, planetary systems, stars: activity, Astrophysics - Earth and Planetary Astrophysics, Astrophysics - Solar and Stellar Astrophysics},
         year = 2010,
        month = mar,
       volume = {512},
          eid = {A39},
        pages = {A39},
          doi = {10.1051/0004-6361/200913551},
archivePrefix = {arXiv},
       eprint = {1001.1638},
 primaryClass = {astro-ph.EP},
       adsurl = {https://ui.adsabs.harvard.edu/abs/2010A&A...512A..39M},
      adsnote = {Provided by the SAO/NASA Astrophysics Data System}
}

@ARTICLE{2018PASP..130d4504F,
       author = {{Fulton}, Benjamin J. and {Petigura}, Erik A. and {Blunt}, Sarah and {Sinukoff}, Evan},
        title = "{RadVel: The Radial Velocity Modeling Toolkit}",
      journal = {\pasp},
     keywords = {Astrophysics - Instrumentation and Methods for Astrophysics, Astrophysics - Earth and Planetary Astrophysics},
         year = 2018,
        month = apr,
       volume = {130},
       number = {986},
        pages = {044504},
          doi = {10.1088/1538-3873/aaaaa8},
archivePrefix = {arXiv},
       eprint = {1801.01947},
 primaryClass = {astro-ph.IM},
       adsurl = {https://ui.adsabs.harvard.edu/abs/2018PASP..130d4504F},
      adsnote = {Provided by the SAO/NASA Astrophysics Data System}
}




@ARTICLE{2022MNRAS.509..866B,
       author = {{Barrag{\'a}n}, Oscar and {Aigrain}, Suzanne and {Rajpaul}, Vinesh M. and {Zicher}, Norbert},
        title = "{PYANETI - II. A multidimensional Gaussian process approach to analysing spectroscopic time-series}",
      journal = {\mnras},
     keywords = {methods: numerical, techniques: photometry, techniques: spectroscopy, planets and satellites: general, Astrophysics - Earth and Planetary Astrophysics, Astrophysics - Instrumentation and Methods for Astrophysics},
         year = 2022,
        month = jan,
       volume = {509},
       number = {1},
        pages = {866-883},
          doi = {10.1093/mnras/stab2889},
archivePrefix = {arXiv},
       eprint = {2109.14086},
 primaryClass = {astro-ph.EP},
       adsurl = {https://ui.adsabs.harvard.edu/abs/2022MNRAS.509..866B},
      adsnote = {Provided by the SAO/NASA Astrophysics Data System}
}

@ARTICLE{2019MNRAS.490..698B,
       author = {{Barrag{\'a}n}, O. and {Aigrain}, S. and {Kubyshkina}, D. and {Gandolfi}, D. and {Livingston}, J. and {Fridlund}, M.~C.~V. and {Fossati}, L. and {Korth}, J. and {Parviainen}, H. and {Malavolta}, L. and {Palle}, E. and {Deeg}, H.~J. and {Nowak}, G. and {Rajpaul}, V.~M. and {Zicher}, N. and {Antoniciello}, G. and {Narita}, N. and {Albrecht}, S. and {Bedin}, L.~R. and {Cabrera}, J. and {Cochran}, W.~D. and {de Leon}, J. and {Eigm{\"u}ller}, Ph and {Fukui}, A. and {Granata}, V. and {Grziwa}, S. and {Guenther}, E. and {Hatzes}, A.~P. and {Kusakabe}, N. and {Latham}, D.~W. and {Libralato}, M. and {Luque}, R. and {Monta{\~n}{\'e}s-Rodr{\'\i}guez}, P. and {Murgas}, F. and {Nardiello}, D. and {Pagano}, I. and {Piotto}, G. and {Persson}, C.~M. and {Redfield}, S. and {Tamura}, M.},
        title = "{Radial velocity confirmation of K2-100b: a young, highly irradiated, and low-density transiting hot Neptune}",
      journal = {\mnras},
     keywords = {planets and satellites: individual: K2-100b, techniques: photometric, techniques: radial velocities, Astrophysics - Earth and Planetary Astrophysics, Astrophysics - Solar and Stellar Astrophysics},
         year = 2019,
        month = nov,
       volume = {490},
       number = {1},
        pages = {698-708},
          doi = {10.1093/mnras/stz2569},
archivePrefix = {arXiv},
       eprint = {1909.05252},
 primaryClass = {astro-ph.EP},
       adsurl = {https://ui.adsabs.harvard.edu/abs/2019MNRAS.490..698B},
      adsnote = {Provided by the SAO/NASA Astrophysics Data System}
}

@ARTICLE{2022MNRAS.512.3060Z,
       author = {{Zicher}, Norbert and {Barrag{\'a}n}, Oscar and {Klein}, Baptiste and {Aigrain}, Suzanne and {Owen}, James E. and {Gandolfi}, Davide and {Lagrange}, Anne-Marie and {Serrano}, Luisa Maria and {Kaye}, Laurel and {Nielsen}, Louise Dyregaard and {Rajpaul}, Vinesh Maguire and {Grandjean}, Antoine and {Goffo}, Elisa and {Nicholson}, Belinda},
        title = "{One year of AU Mic with HARPS - I. Measuring the masses of the two transiting planets}",
      journal = {\mnras},
     keywords = {techniques: radial velocities, techniques: spectroscopic, planets and satellites: fundamental parameters, stars: activity, stars: individual: AU Microscopii, starspots, Astrophysics - Earth and Planetary Astrophysics, Astrophysics - Solar and Stellar Astrophysics},
         year = 2022,
        month = may,
       volume = {512},
       number = {2},
        pages = {3060-3078},
          doi = {10.1093/mnras/stac614},
archivePrefix = {arXiv},
       eprint = {2203.01750},
 primaryClass = {astro-ph.EP},
       adsurl = {https://ui.adsabs.harvard.edu/abs/2022MNRAS.512.3060Z},
      adsnote = {Provided by the SAO/NASA Astrophysics Data System}
}

@ARTICLE{2020A&A...638A..95D,
       author = {{Delisle}, J. -B. and {Hara}, N. and {S{\'e}gransan}, D.},
        title = "{Efficient modeling of correlated noise. II. A flexible noise model with fast and scalable methods}",
      journal = {\aap},
     keywords = {methods: data analysis, methods: statistical, methods: analytical, planets and satellites: general, Astrophysics - Instrumentation and Methods for Astrophysics, Astrophysics - Earth and Planetary Astrophysics, Astrophysics - Solar and Stellar Astrophysics, Statistics - Computation},
         year = 2020,
        month = jun,
       volume = {638},
          eid = {A95},
        pages = {A95},
          doi = {10.1051/0004-6361/201936906},
archivePrefix = {arXiv},
       eprint = {2004.10678},
 primaryClass = {astro-ph.IM},
       adsurl = {https://ui.adsabs.harvard.edu/abs/2020A&A...638A..95D},
      adsnote = {Provided by the SAO/NASA Astrophysics Data System}
}

@ARTICLE{2022A&A...659A.182D,
       author = {{Delisle}, J. -B. and {Unger}, N. and {Hara}, N.~C. and {S{\'e}gransan}, D.},
        title = "{Efficient modeling of correlated noise. III. Scalable methods for jointly modeling several observables' time series with Gaussian processes}",
      journal = {\aap},
     keywords = {methods: data analysis, methods: statistical, methods: analytical, planets and satellites: general, Astrophysics - Earth and Planetary Astrophysics, Astrophysics - Instrumentation and Methods for Astrophysics},
         year = 2022,
        month = mar,
       volume = {659},
          eid = {A182},
        pages = {A182},
          doi = {10.1051/0004-6361/202141949},
archivePrefix = {arXiv},
       eprint = {2201.02440},
 primaryClass = {astro-ph.EP},
       adsurl = {https://ui.adsabs.harvard.edu/abs/2022A&A...659A.182D},
      adsnote = {Provided by the SAO/NASA Astrophysics Data System}
}

@ARTICLE{celerite,
       author = {{Foreman-Mackey}, Daniel and {Agol}, Eric and {Ambikasaran}, Sivaram and {Angus}, Ruth},
        title = "{Fast and Scalable Gaussian Process Modeling with Applications to Astronomical Time Series}",
      journal = {\aj},
     keywords = {asteroseismology, methods: data analysis, methods: statistical, planetary systems, stars: rotation, Astrophysics - Instrumentation and Methods for Astrophysics, Astrophysics - Earth and Planetary Astrophysics, Astrophysics - Solar and Stellar Astrophysics, Physics - Data Analysis, Statistics and Probability, Statistics - Applications},
         year = 2017,
        month = dec,
       volume = {154},
       number = {6},
          eid = {220},
        pages = {220},
          doi = {10.3847/1538-3881/aa9332},
archivePrefix = {arXiv},
       eprint = {1703.09710},
 primaryClass = {astro-ph.IM},
       adsurl = {https://ui.adsabs.harvard.edu/abs/2017AJ....154..220F},
      adsnote = {Provided by the SAO/NASA Astrophysics Data System}
}

@ARTICLE{2002ApJ...580L.171M,
       author = {{Mandel}, Kaisey and {Agol}, Eric},
        title = "{Analytic Light Curves for Planetary Transit Searches}",
      journal = {\apjl},
     keywords = {Stars: Binaries: Eclipsing, Eclipses, Occultations, Stars: Planetary Systems, Astrophysics},
         year = 2002,
        month = dec,
       volume = {580},
       number = {2},
        pages = {L171-L175},
          doi = {10.1086/345520},
archivePrefix = {arXiv},
       eprint = {astro-ph/0210099},
 primaryClass = {astro-ph},
       adsurl = {https://ui.adsabs.harvard.edu/abs/2002ApJ...580L.171M},
      adsnote = {Provided by the SAO/NASA Astrophysics Data System}
}

@book{Nocedal:1999,
  author    = {Jorge Nocedal and
               Stephen J. Wright},
  title     = {Numerical Optimization},
  publisher = {Springer},
  year      = {1999},
  url       = {https://doi.org/10.1007/b98874},
  doi       = {10.1007/b98874},
  isbn      = {978-0-387-98793-4},
  timestamp = {Mon, 22 Jul 2019 01:00:00 +0200},
  biburl    = {https://dblp.org/rec/books/sp/NocedalW99.bib},
  bibsource = {dblp computer science bibliography, https://dblp.org}
}

@ARTICLE{scipy,
  author  = {Virtanen, Pauli and Gommers, Ralf and Oliphant, Travis E. and
            Haberland, Matt and Reddy, Tyler and Cournapeau, David and
            Burovski, Evgeni and Peterson, Pearu and Weckesser, Warren and
            Bright, Jonathan and {van der Walt}, St{\'e}fan J. and
            Brett, Matthew and Wilson, Joshua and Millman, K. Jarrod and
            Mayorov, Nikolay and Nelson, Andrew R. J. and Jones, Eric and
            Kern, Robert and Larson, Eric and Carey, C J and
            Polat, {\.I}lhan and Feng, Yu and Moore, Eric W. and
            {VanderPlas}, Jake and Laxalde, Denis and Perktold, Josef and
            Cimrman, Robert and Henriksen, Ian and Quintero, E. A. and
            Harris, Charles R. and Archibald, Anne M. and
            Ribeiro, Ant{\^o}nio H. and Pedregosa, Fabian and
            {van Mulbregt}, Paul and {SciPy 1.0 Contributors}},
  title   = {{{SciPy} 1.0: Fundamental Algorithms for Scientific
            Computing in Python}},
  journal = {Nature Methods},
  year    = {2020},
  volume  = {17},
  pages   = {261--272},
  adsurl  = {https://rdcu.be/b08Wh},
  doi     = {10.1038/s41592-019-0686-2},
}

@article{Hoffman:2014,
  author  = {Matthew D. Hoffman and Andrew Gelman},
  title   = {The No-U-Turn Sampler: Adaptively Setting Path Lengths in Hamiltonian Monte Carlo},
  journal = {Journal of Machine Learning Research},
  year    = {2014},
  volume  = {15},
  number  = {47},
  pages   = {1593--1623},
  url     = {http://jmlr.org/papers/v15/hoffman14a.html}
}

@ARTICLE{2017AJ....154..254G,
       author = {{Grunblatt}, Samuel K. and {Huber}, Daniel and {Gaidos}, Eric and {Lopez}, Eric D. and {Howard}, Andrew W. and {Isaacson}, Howard T. and {Sinukoff}, Evan and {Vanderburg}, Andrew and {Nofi}, Larissa and {Yu}, Jie and {North}, Thomas S.~H. and {Chaplin}, William and {Foreman-Mackey}, Daniel and {Petigura}, Erik and {Ansdell}, Megan and {Weiss}, Lauren and {Fulton}, Benjamin and {Lin}, Douglas N.~C.},
        title = "{Seeing Double with K2: Testing Re-inflation with Two Remarkably Similar Planets around Red Giant Branch Stars}",
      journal = {\aj},
     keywords = {planet-star interactions, planets and satellites: detection, planets and satellites: gaseous planets, planets and satellites: physical evolution, stars: fundamental parameters, stars: oscillations, Astrophysics - Earth and Planetary Astrophysics},
         year = 2017,
        month = dec,
       volume = {154},
       number = {6},
          eid = {254},
        pages = {254},
          doi = {10.3847/1538-3881/aa932d},
archivePrefix = {arXiv},
       eprint = {1706.05865},
 primaryClass = {astro-ph.EP},
       adsurl = {https://ui.adsabs.harvard.edu/abs/2017AJ....154..254G},
      adsnote = {Provided by the SAO/NASA Astrophysics Data System}
}

@ARTICLE{2018ApJ...865L..20F,
       author = {{Farr}, Will M. and {Pope}, Benjamin J.~S. and {Davies}, Guy R. and {North}, Thomas S.~H. and {White}, Timothy R. and {Barrett}, Jim W. and {Miglio}, Andrea and {Lund}, Mikkel N. and {Antoci}, Victoria and {Fredslund Andersen}, Mads and {Grundahl}, Frank and {Huber}, Daniel},
        title = "{Aldebaran b{\textquoteright}s Temperate Past Uncovered in Planet Search Data}",
      journal = {\apjl},
     keywords = {methods: data analysis, methods: statistical, planets and satellites: individual: Aldebaran b, stars: individual: Aldebaran, stars: oscillations: including pulsations, techniques: radial velocities, Astrophysics - Solar and Stellar Astrophysics, Astrophysics - Earth and Planetary Astrophysics},
         year = 2018,
        month = oct,
       volume = {865},
       number = {2},
          eid = {L20},
        pages = {L20},
          doi = {10.3847/2041-8213/aadfde},
archivePrefix = {arXiv},
       eprint = {1802.09812},
 primaryClass = {astro-ph.SR},
       adsurl = {https://ui.adsabs.harvard.edu/abs/2018ApJ...865L..20F},
      adsnote = {Provided by the SAO/NASA Astrophysics Data System}
}

@ARTICLE{2020MNRAS.498.6044C,
       author = {{Champion}, David and {Cognard}, Ismael and {Cruces}, Marilyn and {Desvignes}, Gregory and {Jankowski}, Fabian and {Karuppusamy}, Ramesh and {Keith}, Michael J. and {Kouveliotou}, Chryssa and {Kramer}, Michael and {Liu}, Kuo and {Lyne}, Andrew G. and {Mickaliger}, Mitchell B. and {O'Connor}, Brendan and {Parthasarathy}, Aditya and {Porayko}, Nataliya and {Rajwade}, Kaustubh and {Stappers}, Ben W. and {Torne}, Pablo and {van der Horst}, Alexander J. and {Weltevrede}, Patrick},
        title = "{High-cadence observations and variable spin behaviour of magnetar Swift J1818.0-1607 after its outburst}",
      journal = {\mnras},
     keywords = {polarization, radiation mechanisms: non-thermal, stars: magnetars, stars: pulsars: individual: Swift J1818.0-1607, Astrophysics - High Energy Astrophysical Phenomena, Astrophysics - Astrophysics of Galaxies},
         year = 2020,
        month = nov,
       volume = {498},
       number = {4},
        pages = {6044-6056},
          doi = {10.1093/mnras/staa2764},
archivePrefix = {arXiv},
       eprint = {2009.03568},
 primaryClass = {astro-ph.HE},
       adsurl = {https://ui.adsabs.harvard.edu/abs/2020MNRAS.498.6044C},
      adsnote = {Provided by the SAO/NASA Astrophysics Data System}
}
@ARTICLE{2021MNRAS.508.4249P,
       author = {{Posselt}, B. and {Karastergiou}, A. and {Johnston}, S. and {Parthasarathy}, A. and {Keith}, M.~J. and {Oswald}, L.~S. and {Song}, X. and {Weltevrede}, P. and {Barr}, E.~D. and {Buchner}, S. and {Geyer}, M. and {Kramer}, M. and {Reardon}, D.~J. and {Serylak}, M. and {Shannon}, R.~M. and {Spiewak}, R. and {Venkatraman Krishnan}, V.},
        title = "{The Thousand-Pulsar-Array programme on MeerKAT - VI. Pulse widths of a large and diverse sample of radio pulsars}",
      journal = {\mnras},
     keywords = {surveys, pulsars: general, radio continuum: stars, Astrophysics - High Energy Astrophysical Phenomena, Astrophysics - Solar and Stellar Astrophysics},
         year = 2021,
        month = dec,
       volume = {508},
       number = {3},
        pages = {4249-4268},
          doi = {10.1093/mnras/stab2775},
archivePrefix = {arXiv},
       eprint = {2109.12007},
 primaryClass = {astro-ph.HE},
       adsurl = {https://ui.adsabs.harvard.edu/abs/2021MNRAS.508.4249P},
      adsnote = {Provided by the SAO/NASA Astrophysics Data System}
}

@ARTICLE{2014ExA....38..249R,
       author = {{Rauer}, H. and {Catala}, C. and {Aerts}, C. and {Appourchaux}, T. and {Benz}, W. and {Brandeker}, A. and {Christensen-Dalsgaard}, J. and {Deleuil}, M. and {Gizon}, L. and {Goupil}, M. -J. and {G{\"u}del}, M. and {Janot-Pacheco}, E. and {Mas-Hesse}, M. and {Pagano}, I. and {Piotto}, G. and {Pollacco}, D. and {Santos}, {\.{C}}. and {Smith}, A. and {Su{\'a}rez}, J. -C. and {Szab{\'o}}, R. and {Udry}, S. and {Adibekyan}, V. and {Alibert}, Y. and {Almenara}, J. -M. and {Amaro-Seoane}, P. and {Eiff}, M. Ammler-von and {Asplund}, M. and {Antonello}, E. and {Barnes}, S. and {Baudin}, F. and {Belkacem}, K. and {Bergemann}, M. and {Bihain}, G. and {Birch}, A.~C. and {Bonfils}, X. and {Boisse}, I. and {Bonomo}, A.~S. and {Borsa}, F. and {Brand{\~a}o}, I.~M. and {Brocato}, E. and {Brun}, S. and {Burleigh}, M. and {Burston}, R. and {Cabrera}, J. and {Cassisi}, S. and {Chaplin}, W. and {Charpinet}, S. and {Chiappini}, C. and {Church}, R.~P. and {Csizmadia}, Sz. and {Cunha}, M. and {Damasso}, M. and {Davies}, M.~B. and {Deeg}, H.~J. and {D{\'\i}az}, R.~F. and {Dreizler}, S. and {Dreyer}, C. and {Eggenberger}, P. and {Ehrenreich}, D. and {Eigm{\"u}ller}, P. and {Erikson}, A. and {Farmer}, R. and {Feltzing}, S. and {de Oliveira Fialho}, F. and {Figueira}, P. and {Forveille}, T. and {Fridlund}, M. and {Garc{\'\i}a}, R.~A. and {Giommi}, P. and {Giuffrida}, G. and {Godolt}, M. and {Gomes da Silva}, J. and {Granzer}, T. and {Grenfell}, J.~L. and {Grotsch-Noels}, A. and {G{\"u}nther}, E. and {Haswell}, C.~A. and {Hatzes}, A.~P. and {H{\'e}brard}, G. and {Hekker}, S. and {Helled}, R. and {Heng}, K. and {Jenkins}, J.~M. and {Johansen}, A. and {Khodachenko}, M.~L. and {Kislyakova}, K.~G. and {Kley}, W. and {Kolb}, U. and {Krivova}, N. and {Kupka}, F. and {Lammer}, H. and {Lanza}, A.~F. and {Lebreton}, Y. and {Magrin}, D. and {Marcos-Arenal}, P. and {Marrese}, P.~M. and {Marques}, J.~P. and {Martins}, J. and {Mathis}, S. and {Mathur}, S. and {Messina}, S. and {Miglio}, A. and {Montalban}, J. and {Montalto}, M. and {Monteiro}, M.~J.~P.~F.~G. and {Moradi}, H. and {Moravveji}, E. and {Mordasini}, C. and {Morel}, T. and {Mortier}, A. and {Nascimbeni}, V. and {Nelson}, R.~P. and {Nielsen}, M.~B. and {Noack}, L. and {Norton}, A.~J. and {Ofir}, A. and {Oshagh}, M. and {Ouazzani}, R. -M. and {P{\'a}pics}, P. and {Parro}, V.~C. and {Petit}, P. and {Plez}, B. and {Poretti}, E. and {Quirrenbach}, A. and {Ragazzoni}, R. and {Raimondo}, G. and {Rainer}, M. and {Reese}, D.~R. and {Redmer}, R. and {Reffert}, S. and {Rojas-Ayala}, B. and {Roxburgh}, I.~W. and {Salmon}, S. and {Santerne}, A. and {Schneider}, J. and {Schou}, J. and {Schuh}, S. and {Schunker}, H. and {Silva-Valio}, A. and {Silvotti}, R. and {Skillen}, I. and {Snellen}, I. and {Sohl}, F. and {Sousa}, S.~G. and {Sozzetti}, A. and {Stello}, D. and {Strassmeier}, K.~G. and {{\v{S}}vanda}, M. and {Szab{\'o}}, Gy. M. and {Tkachenko}, A. and {Valencia}, D. and {Van Grootel}, V. and {Vauclair}, S.~D. and {Ventura}, P. and {Wagner}, F.~W. and {Walton}, N.~A. and {Weingrill}, J. and {Werner}, S.~C. and {Wheatley}, P.~J. and {Zwintz}, K.},
        title = "{The PLATO 2.0 mission}",
      journal = {Experimental Astronomy},
     keywords = {Exoplanets, Asteroseismology, Transit survey, Stellar science, Exoplanetary science, Astrophysics - Earth and Planetary Astrophysics},
         year = 2014,
        month = nov,
       volume = {38},
       number = {1-2},
        pages = {249-330},
          doi = {10.1007/s10686-014-9383-4},
archivePrefix = {arXiv},
       eprint = {1310.0696},
 primaryClass = {astro-ph.EP},
       adsurl = {https://ui.adsabs.harvard.edu/abs/2014ExA....38..249R},
      adsnote = {Provided by the SAO/NASA Astrophysics Data System}
}


@ARTICLE{2019MNRAS.489.5764P,
       author = {{Pereira}, Filipe and {Campante}, Tiago L. and {Cunha}, Margarida S. and {Faria}, Jo{\~a}o P. and {Santos}, Nuno C. and {Barros}, Susana C.~C. and {Demangeon}, Olivier and {Kuszlewicz}, James S. and {Corsaro}, Enrico},
        title = "{Gaussian process modelling of granulation and oscillations in red giant stars}",
      journal = {\mnras},
     keywords = {asteroseismology, methods: data analysis, techniques: photometric, planets and satellites: fundamental parameters, stars: oscillations, Astrophysics - Solar and Stellar Astrophysics, Astrophysics - Earth and Planetary Astrophysics},
         year = 2019,
        month = nov,
       volume = {489},
       number = {4},
        pages = {5764-5774},
          doi = {10.1093/mnras/stz2405},
archivePrefix = {arXiv},
       eprint = {1908.10662},
 primaryClass = {astro-ph.SR},
       adsurl = {https://ui.adsabs.harvard.edu/abs/2019MNRAS.489.5764P},
      adsnote = {Provided by the SAO/NASA Astrophysics Data System}
}



@ARTICLE{2020MNRAS.492.1008G,
       author = {{Gillen}, Edward and {Briegal}, Joshua T. and {Hodgkin}, Simon T. and {Foreman-Mackey}, Daniel and {Van Leeuwen}, Floor and {Jackman}, James A.~G. and {McCormac}, James and {West}, Richard G. and {Queloz}, Didier and {Bayliss}, Daniel and {Goad}, Michael R. and {Watson}, Christopher A. and {Wheatley}, Peter J. and {Belardi}, Claudia and {Burleigh}, Matthew R. and {Casewell}, Sarah L. and {Jenkins}, James S. and {Raynard}, Liam and {Smith}, Alexis M.~S. and {Tilbrook}, Rosanna H. and {Vines}, Jose I.},
        title = "{NGTS clusters survey - I. Rotation in the young benchmark open cluster Blanco 1}",
      journal = {\mnras},
     keywords = {stars: rotation, stars: variables: general, binaries: general, open clusters and associations: individual: Blanco 1, Astrophysics - Solar and Stellar Astrophysics},
         year = 2020,
        month = feb,
       volume = {492},
       number = {1},
        pages = {1008-1024},
          doi = {10.1093/mnras/stz3251},
archivePrefix = {arXiv},
       eprint = {1911.09705},
 primaryClass = {astro-ph.SR},
       adsurl = {https://ui.adsabs.harvard.edu/abs/2020MNRAS.492.1008G},
      adsnote = {Provided by the SAO/NASA Astrophysics Data System}
}

@ARTICLE{1930PhRv...36..823U,
       author = {{Uhlenbeck}, G.~E. and {Ornstein}, L.~S.},
        title = "{On the Theory of the Brownian Motion}",
      journal = {Physical Review},
         year = 1930,
        month = sep,
       volume = {36},
       number = {5},
        pages = {823-841},
          doi = {10.1103/PhysRev.36.823},
       adsurl = {https://ui.adsabs.harvard.edu/abs/1930PhRv...36..823U},
      adsnote = {Provided by the SAO/NASA Astrophysics Data System}
}

@ARTICLE{2022arXiv220506627C,
       author = {{Camacho}, J.~D. and {Faria}, J.~P. and {Viana}, P.~T.~P.},
        title = "{Modelling stellar activity with Gaussian process regression networks}",
      journal = {arXiv e-prints},
     keywords = {Astrophysics - Earth and Planetary Astrophysics, Astrophysics - Solar and Stellar Astrophysics, Statistics - Machine Learning},
         year = 2022,
        month = may,
          eid = {arXiv:2205.06627},
        pages = {arXiv:2205.06627},
archivePrefix = {arXiv},
       eprint = {2205.06627},
 primaryClass = {astro-ph.EP},
       adsurl = {https://ui.adsabs.harvard.edu/abs/2022arXiv220506627C},
      adsnote = {Provided by the SAO/NASA Astrophysics Data System}
}


@article{ingram_motta_QPOs,
author = {Ingram, Adam and Motta, Sara},
year = {2019},
month = {09},
pages = {101524},
title = {A review of quasi-periodic oscillations from black hole X-ray binaries: Observation and theory},
volume = {85},
journal = {New Astronomy Reviews},
doi = {10.1016/j.newar.2020.101524}
}

@ARTICLE{2012A&A...546A..89B,
       author = {{Bailer-Jones}, C.~A.~L.},
        title = "{A Bayesian method for the analysis of deterministic and stochastic time series}",
      journal = {\aap},
     keywords = {methods: statistical, brown dwarfs, Astrophysics - Instrumentation and Methods for Astrophysics, Astrophysics - Solar and Stellar Astrophysics, Physics - Data Analysis, Statistics and Probability, Statistics - Machine Learning},
         year = 2012,
        month = oct,
       volume = {546},
          eid = {A89},
        pages = {A89},
          doi = {10.1051/0004-6361/201220109},
archivePrefix = {arXiv},
       eprint = {1209.3730},
 primaryClass = {astro-ph.IM},
       adsurl = {https://ui.adsabs.harvard.edu/abs/2012A&A...546A..89B},
      adsnote = {Provided by the SAO/NASA Astrophysics Data System}
}

@ARTICLE{2020AJ....160..265H,
       author = {{Hu}, Zhirui and {Tak}, Hyungsuk},
        title = "{Modeling Stochastic Variability in Multiband Time-series Data}",
      journal = {\aj},
     keywords = {Astrostatistics, Interdisciplinary astronomy, Astrostatistics tools, 1882, 804, 1887, Astrophysics - Instrumentation and Methods for Astrophysics, Statistics - Methodology},
         year = 2020,
        month = dec,
       volume = {160},
       number = {6},
          eid = {265},
        pages = {265},
          doi = {10.3847/1538-3881/abc1e2},
archivePrefix = {arXiv},
       eprint = {2005.08049},
 primaryClass = {astro-ph.IM},
       adsurl = {https://ui.adsabs.harvard.edu/abs/2020AJ....160..265H},
      adsnote = {Provided by the SAO/NASA Astrophysics Data System}
}

@book{Sarkka:2019,
  title={Applied stochastic differential equations},
  author={S{\"a}rkk{\"a}, Simo and Solin, Arno},
  volume={10},
  year={2019},
  publisher={Cambridge University Press}
}

@ARTICLE{2009ApJ...698..895K,
       author = {{Kelly}, Brandon C. and {Bechtold}, Jill and {Siemiginowska}, Aneta},
        title = "{Are the Variations in Quasar Optical Flux Driven by Thermal Fluctuations?}",
      journal = {\apj},
     keywords = {accretion, accretion disks, galaxies: active, methods: data analysis, quasars: general, Astrophysics - Cosmology and Extragalactic Astrophysics, Astrophysics - High Energy Astrophysical Phenomena},
         year = 2009,
        month = jun,
       volume = {698},
       number = {1},
        pages = {895-910},
          doi = {10.1088/0004-637X/698/1/895},
archivePrefix = {arXiv},
       eprint = {0903.5315},
 primaryClass = {astro-ph.CO},
       adsurl = {https://ui.adsabs.harvard.edu/abs/2009ApJ...698..895K},
      adsnote = {Provided by the SAO/NASA Astrophysics Data System}
}

@ARTICLE{2014ApJ...788...33K,
       author = {{Kelly}, Brandon C. and {Becker}, Andrew C. and {Sobolewska}, Malgosia and {Siemiginowska}, Aneta and {Uttley}, Phil},
        title = "{Flexible and Scalable Methods for Quantifying Stochastic Variability in the Era of Massive Time-domain Astronomical Data Sets}",
      journal = {\apj},
     keywords = {methods: statistical, Astrophysics - Instrumentation and Methods for Astrophysics},
         year = 2014,
        month = jun,
       volume = {788},
       number = {1},
          eid = {33},
        pages = {33},
          doi = {10.1088/0004-637X/788/1/33},
archivePrefix = {arXiv},
       eprint = {1402.5978},
 primaryClass = {astro-ph.IM},
       adsurl = {https://ui.adsabs.harvard.edu/abs/2014ApJ...788...33K},
      adsnote = {Provided by the SAO/NASA Astrophysics Data System}
}

@ARTICLE{2022MNRAS.514..164S,
       author = {{Stone}, Zachary and {Shen}, Yue and {Burke}, Colin J. and {Chen}, Yu-Ching and {Yang}, Qian and {Liu}, Xin and {Gruendl}, R.~A. and {Adam{\'o}w}, M. and {Andrade-Oliveira}, F. and {Annis}, J. and {Bacon}, D. and {Bertin}, E. and {Bocquet}, S. and {Brooks}, D. and {Burke}, D.~L. and {Carnero Rosell}, A. and {Carrasco Kind}, M. and {Carretero}, J. and {da Costa}, L.~N. and {Pereira}, M.~E.~S. and {De Vicente}, J. and {Desai}, S. and {Diehl}, H.~T. and {Doel}, P. and {Ferrero}, I. and {Friedel}, D.~N. and {Frieman}, J. and {Garc{\'\i}a-Bellido}, J. and {Gaztanaga}, E. and {Gruen}, D. and {Gutierrez}, G. and {Hinton}, S.~R. and {Hollowood}, D.~L. and {Honscheid}, K. and {James}, D.~J. and {Kuehn}, K. and {Kuropatkin}, N. and {Lidman}, C. and {Maia}, M.~A.~G. and {Menanteau}, F. and {Miquel}, R. and {Morgan}, R. and {Paz-Chinch{\'o}n}, F. and {Pieres}, A. and {Plazas Malag{\'o}n}, A.~A. and {Rodriguez-Monroy}, M. and {Sanchez}, E. and {Scarpine}, V. and {Serrano}, S. and {Sevilla-Noarbe}, I. and {Smith}, M. and {Suchyta}, E. and {Swanson}, M.~E.~C. and {Tarl{\'e}}, G. and {To}, C. and {DES Collaboration}},
        title = "{Optical variability of quasars with 20-yr photometric light curves}",
      journal = {\mnras},
     keywords = {surveys, quasars: general, quasars: supermassive black holes, Astrophysics - Astrophysics of Galaxies},
         year = 2022,
        month = jul,
       volume = {514},
       number = {1},
        pages = {164-184},
          doi = {10.1093/mnras/stac1259},
archivePrefix = {arXiv},
       eprint = {2201.02762},
 primaryClass = {astro-ph.GA},
       adsurl = {https://ui.adsabs.harvard.edu/abs/2022MNRAS.514..164S},
      adsnote = {Provided by the SAO/NASA Astrophysics Data System}
}

@inproceedings{kissgp,
  title={{Kernel interpolation for scalable structured Gaussian processes (KISS-GP)}},
  author={Wilson, Andrew and Nickisch, Hannes},
  booktitle={International conference on machine learning},
  pages={1775--1784},
  year={2015},
  organization={PMLR}
}

@article{inducing,
  title={{A unifying view of sparse approximate Gaussian process regression}},
  author={Quinonero-Candela, Joaquin and Rasmussen, Carl Edward},
  journal={The Journal of Machine Learning Research},
  volume={6},
  pages={1939--1959},
  year={2005},
  publisher={JMLR}
}

@article{gpytorch,
  title={{GPyTorch: Blackbox matrix-matrix Gaussian process inference with GPU acceleration}},
  author={Gardner, Jacob and Pleiss, Geoff and Weinberger, Kilian Q and Bindel, David and Wilson, Andrew G},
  journal={Advances in Neural Information Processing Systems},
  volume={31},
  year={2018}
}

@inproceedings{toeplitz,
  title={{Fast Gaussian process methods for point process intensity estimation}},
  author={Cunningham, John P and Shenoy, Krishna V and Sahani, Maneesh},
  booktitle={Proceedings of the 25th international conference on Machine learning},
  pages={192--199},
  year={2008}
}

@ARTICLE{2021arXiv210705609I,
       author = {{Isi}, Maximiliano and {Farr}, Will M.},
        title = "{Analyzing black-hole ringdowns}",
      journal = {arXiv e-prints},
     keywords = {General Relativity and Quantum Cosmology, Astrophysics - High Energy Astrophysical Phenomena},
         year = 2021,
        month = jul,
          eid = {arXiv:2107.05609},
        pages = {arXiv:2107.05609},
archivePrefix = {arXiv},
       eprint = {2107.05609},
 primaryClass = {gr-qc},
       adsurl = {https://ui.adsabs.harvard.edu/abs/2021arXiv210705609I},
      adsnote = {Provided by the SAO/NASA Astrophysics Data System}
}

@ARTICLE{2020PhRvR...2d3298T,
       author = {{Talbot}, Colm and {Thrane}, Eric},
        title = "{Gravitational-wave astronomy with an uncertain noise power spectral density}",
      journal = {Physical Review Research},
     keywords = {Astrophysics - Instrumentation and Methods for Astrophysics, Astrophysics - High Energy Astrophysical Phenomena, General Relativity and Quantum Cosmology},
         year = 2020,
        month = dec,
       volume = {2},
       number = {4},
          eid = {043298},
        pages = {043298},
          doi = {10.1103/PhysRevResearch.2.043298},
archivePrefix = {arXiv},
       eprint = {2006.05292},
 primaryClass = {astro-ph.IM},
       adsurl = {https://ui.adsabs.harvard.edu/abs/2020PhRvR...2d3298T},
      adsnote = {Provided by the SAO/NASA Astrophysics Data System}
}

@article{ambikasaran2015generalized,
  title={{Generalized Rybicki Press algorithm}},
  author={Ambikasaran, Sivaram},
  journal={Numerical Linear Algebra with Applications},
  volume={22},
  number={6},
  pages={1102--1114},
  year={2015},
  publisher={Wiley Online Library}
}

@ARTICLE{2020AJ....160..240G,
       author = {{Gordon}, Tyler A. and {Agol}, Eric and {Foreman-Mackey}, Daniel},
        title = "{A Fast, Two-dimensional Gaussian Process Method Based on Celerite: Applications to Transiting Exoplanet Discovery and Characterization}",
      journal = {\aj},
     keywords = {Exoplanets, Natural satellites (Extrasolar), Transmission spectroscopy, Transits, Gaussian Processes regression, Astrostatistics, Bayesian statistics, 498, 483, 2133, 1711, 1930, 1882, 1900, Astrophysics - Instrumentation and Methods for Astrophysics, Astrophysics - Earth and Planetary Astrophysics, Astrophysics - Solar and Stellar Astrophysics, Physics - Data Analysis, Statistics and Probability},
         year = 2020,
        month = nov,
       volume = {160},
       number = {5},
          eid = {240},
        pages = {240},
          doi = {10.3847/1538-3881/abbc16},
archivePrefix = {arXiv},
       eprint = {2007.05799},
 primaryClass = {astro-ph.IM},
       adsurl = {https://ui.adsabs.harvard.edu/abs/2020AJ....160..240G},
      adsnote = {Provided by the SAO/NASA Astrophysics Data System}
}

@ARTICLE{2021RNAAS...5..107J,
       author = {{Jord{\'a}n}, Andr{\'e}s and {Eyheramendy}, Susana and {Buchner}, Johannes},
        title = "{State-space Representation of Mat{\'e}rn and Damped Simple Harmonic Oscillator Gaussian Processes}",
      journal = {Research Notes of the American Astronomical Society},
     keywords = {Time series analysis, 1916, Astrophysics - Instrumentation and Methods for Astrophysics},
         year = 2021,
        month = may,
       volume = {5},
       number = {5},
          eid = {107},
        pages = {107},
          doi = {10.3847/2515-5172/abfe68},
archivePrefix = {arXiv},
       eprint = {2109.10685},
 primaryClass = {astro-ph.IM},
       adsurl = {https://ui.adsabs.harvard.edu/abs/2021RNAAS...5..107J},
      adsnote = {Provided by the SAO/NASA Astrophysics Data System}
}

@ARTICLE{2022arXiv220709327M,
       author = {{Meyer}, Antoine D. and {van Dyk}, David A. and {Tak}, Hyungsuk and {Siemiginowska}, Aneta},
        title = "{TD-CARMA: Painless, accurate, and scalable estimates of gravitational-lens time delays with flexible CARMA processes}",
      journal = {arXiv e-prints},
     keywords = {Astrophysics - Instrumentation and Methods for Astrophysics, Statistics - Applications},
         year = 2022,
        month = jul,
          eid = {arXiv:2207.09327},
        pages = {arXiv:2207.09327},
archivePrefix = {arXiv},
       eprint = {2207.09327},
 primaryClass = {astro-ph.IM},
       adsurl = {https://ui.adsabs.harvard.edu/abs/2022arXiv220709327M},
      adsnote = {Provided by the SAO/NASA Astrophysics Data System}
}

@techreport{gelfand1992model,
  title={Model determination using predictive distributions with implementation via sampling-based methods},
  author={Gelfand, Alan E and Dey, Dipak K and Chang, Hong},
  year={1992},
  institution={Stanford Univ CA Dept of Statistics}
}

@article{gelman1996posterior,
  title={Posterior predictive assessment of model fitness via realized discrepancies},
  author={Gelman, Andrew and Meng, Xiao-Li and Stern, Hal},
  journal={Statistica sinica},
  pages={733--760},
  year={1996},
  publisher={JSTOR}
}

@ARTICLE{jaxns,
       author = {{Albert}, Joshua G.},
        title = "{JAXNS: a high-performance nested sampling package based on JAX}",
      journal = {arXiv e-prints},
     keywords = {Astrophysics - Instrumentation and Methods for Astrophysics},
         year = 2020,
        month = dec,
          eid = {arXiv:2012.15286},
        pages = {arXiv:2012.15286},
archivePrefix = {arXiv},
       eprint = {2012.15286},
 primaryClass = {astro-ph.IM},
       adsurl = {https://ui.adsabs.harvard.edu/abs/2020arXiv201215286A},
      adsnote = {Provided by the SAO/NASA Astrophysics Data System}
}

@ARTICLE{2022ApJ...936..132Y,
       author = {{Yu}, Weixiang and {Richards}, Gordon T. and {Vogeley}, Michael S. and {Moreno}, Jackeline and {Graham}, Matthew J.},
        title = "{Examining AGN UV/Optical Variability beyond the Simple Damped Random Walk}",
      journal = {\apj},
     keywords = {Quasars, Active galactic nuclei, Supermassive black holes, Time series analysis, Surveys, 1319, 16, 1663, 1916, 1671, Astrophysics - Astrophysics of Galaxies},
         year = 2022,
        month = sep,
       volume = {936},
       number = {2},
          eid = {132},
        pages = {132},
          doi = {10.3847/1538-4357/ac8351},
archivePrefix = {arXiv},
       eprint = {2201.08943},
 primaryClass = {astro-ph.GA},
       adsurl = {https://ui.adsabs.harvard.edu/abs/2022ApJ...936..132Y},
      adsnote = {Provided by the SAO/NASA Astrophysics Data System}
}

@ARTICLE{2022AJ....164..115N,
       author = {{Newton}, Elisabeth R. and {Rampalli}, Rayna and {Kraus}, Adam L. and {Mann}, Andrew W. and {Curtis}, Jason L. and {Vanderburg}, Andrew and {Krolikowski}, Daniel M. and {Huber}, Daniel and {Petter}, Grayson C. and {Bieryla}, Allyson and {Tofflemire}, Benjamin M. and {Thao}, Pa Chia and {Wood}, Mackenna L. and {Kerr}, Ronan and {Safanov}, Boris S. and {Strakhov}, Ivan A. and {Ciardi}, David R. and {Giacalone}, Steven and {Dressing}, Courtney D. and {Gill}, Holden and {Savel}, Arjun B. and {Collins}, Karen A. and {Brown}, Peyton and {Murgas}, Felipe and {Isogai}, Keisuke and {Narita}, Norio and {Palle}, Enric and {Quinn}, Samuel N. and {Eastman}, Jason D. and {F{\H{u}}r{\'e}sz}, G{\'a}bor and {Shiao}, Bernie and {Daylan}, Tansu and {Caldwell}, Douglas A. and {Ricker}, George R. and {Vanderspek}, Roland and {Seager}, Sara and {Winn}, Joshua N. and {Jenkins}, Jon M. and {Latham}, David W.},
        title = "{TESS Hunt for Young and Maturing Exoplanets (THYME). VII. Membership, Rotation, and Lithium in the Young Cluster Group-X and a New Young Exoplanet}",
      journal = {\aj},
     keywords = {Young star clusters, Stellar rotation, Exoplanets, 1833, 1629, 498, Astrophysics - Solar and Stellar Astrophysics, Astrophysics - Earth and Planetary Astrophysics, Astrophysics - Astrophysics of Galaxies},
         year = 2022,
        month = sep,
       volume = {164},
       number = {3},
          eid = {115},
        pages = {115},
          doi = {10.3847/1538-3881/ac8154},
archivePrefix = {arXiv},
       eprint = {2206.06254},
 primaryClass = {astro-ph.SR},
       adsurl = {https://ui.adsabs.harvard.edu/abs/2022AJ....164..115N},
      adsnote = {Provided by the SAO/NASA Astrophysics Data System}
}

@ARTICLE{2020ApJS..250...34C,
       author = {{Conroy}, Kyle E. and {Kochoska}, Angela and {Hey}, Daniel and {Pablo}, Herbert and {Hambleton}, Kelly M. and {Jones}, David and {Giammarco}, Joseph and {Abdul-Masih}, Michael and {Pr{\v{s}}a}, Andrej},
        title = "{Physics of Eclipsing Binaries. V. General Framework for Solving the Inverse Problem}",
      journal = {\apjs},
     keywords = {Eclipsing binary stars, 444, Astrophysics - Solar and Stellar Astrophysics, Astrophysics - Earth and Planetary Astrophysics, Astrophysics - Instrumentation and Methods for Astrophysics},
         year = 2020,
        month = oct,
       volume = {250},
       number = {2},
          eid = {34},
        pages = {34},
          doi = {10.3847/1538-4365/abb4e2},
archivePrefix = {arXiv},
       eprint = {2006.16951},
 primaryClass = {astro-ph.SR},
       adsurl = {https://ui.adsabs.harvard.edu/abs/2020ApJS..250...34C},
      adsnote = {Provided by the SAO/NASA Astrophysics Data System}
}

@ARTICLE{2019AJ....158...32K,
       author = {{Kostov}, Veselin B. and {Schlieder}, Joshua E. and {Barclay}, Thomas and {Quintana}, Elisa V. and {Col{\'o}n}, Knicole D. and {Brande}, Jonathan and {Collins}, Karen A. and {Feinstein}, Adina D. and {Hadden}, Samuel and {Kane}, Stephen R. and {Kreidberg}, Laura and {Kruse}, Ethan and {Lam}, Christopher and {Matthews}, Elisabeth and {Montet}, Benjamin T. and {Pozuelos}, Francisco J. and {Stassun}, Keivan G. and {Winters}, Jennifer G. and {Ricker}, George and {Vanderspek}, Roland and {Latham}, David and {Seager}, Sara and {Winn}, Joshua and {Jenkins}, Jon M. and {Afanasev}, Dennis and {Armstrong}, James J.~D. and {Arney}, Giada and {Boyd}, Patricia and {Barentsen}, Geert and {Barkaoui}, Khalid and {Batalha}, Natalie E. and {Beichman}, Charles and {Bayliss}, Daniel and {Burke}, Christopher and {Burdanov}, Artem and {Cacciapuoti}, Luca and {Carson}, Andrew and {Charbonneau}, David and {Christiansen}, Jessie and {Ciardi}, David and {Clampin}, Mark and {Collins}, Kevin I. and {Conti}, Dennis M. and {Coughlin}, Jeffrey and {Covone}, Giovanni and {Crossfield}, Ian and {Delrez}, Laetitia and {Domagal-Goldman}, Shawn and {Dressing}, Courtney and {Ducrot}, Elsa and {Essack}, Zahra and {Everett}, Mark E. and {Fauchez}, Thomas and {Foreman-Mackey}, Daniel and {Gan}, Tianjun and {Gilbert}, Emily and {Gillon}, Micha{\"e}l and {Gonzales}, Erica and {Hamann}, Aaron and {Hedges}, Christina and {Hocutt}, Hannah and {Hoffman}, Kelsey and {Horch}, Elliott P. and {Horne}, Keith and {Howell}, Steve and {Hynes}, Shane and {Ireland}, Michael and {Irwin}, Jonathan M. and {Isopi}, Giovanni and {Jensen}, Eric L.~N. and {Jehin}, Emmanu{\"e}l and {Kaltenegger}, Lisa and {Kielkopf}, John F. and {Kopparapu}, Ravi and {Lewis}, Nikole and {Lopez}, Eric and {Lissauer}, Jack J. and {Mann}, Andrew W. and {Mallia}, Franco and {Mandell}, Avi and {Matson}, Rachel A. and {Mazeh}, Tsevi and {Monsue}, Teresa and {Moran}, Sarah E. and {Moran}, Vickie and {Morley}, Caroline V. and {Morris}, Brett and {Muirhead}, Philip and {Mukai}, Koji and {Mullally}, Susan and {Mullally}, Fergal and {Murray}, Catriona and {Narita}, Norio and {Palle}, Enric and {Pidhorodetska}, Daria and {Quinn}, David and {Relles}, Howard and {Rinehart}, Stephen and {Ritsko}, Matthew and {Rodriguez}, Joseph E. and {Rowden}, Pamela and {Rowe}, Jason F. and {Sebastian}, Daniel and {Sefako}, Ramotholo and {Shahaf}, Sahar and {Shporer}, Avi and {Ta{\~n}{\'o}n Reyes}, Naylynn and {Tenenbaum}, Peter and {Ting}, Eric B. and {Twicken}, Joseph D. and {van Belle}, Gerard T. and {Vega}, Laura and {Volosin}, Jeffrey and {Walkowicz}, Lucianne M. and {Youngblood}, Allison},
        title = "{The L 98-59 System: Three Transiting, Terrestrial-size Planets Orbiting a Nearby M Dwarf}",
      journal = {\aj},
     keywords = {planets and satellites: detection, stars: individual: TIC 307210830, TOI-175, techniques: photometric, Astrophysics - Earth and Planetary Astrophysics},
         year = 2019,
        month = jul,
       volume = {158},
       number = {1},
          eid = {32},
        pages = {32},
          doi = {10.3847/1538-3881/ab2459},
archivePrefix = {arXiv},
       eprint = {1903.08017},
 primaryClass = {astro-ph.EP},
       adsurl = {https://ui.adsabs.harvard.edu/abs/2019AJ....158...32K},
      adsnote = {Provided by the SAO/NASA Astrophysics Data System}
}

@ARTICLE{2020AJ....159..123A,
       author = {{Agol}, Eric and {Luger}, Rodrigo and {Foreman-Mackey}, Daniel},
        title = "{Analytic Planetary Transit Light Curves and Derivatives for Stars with Polynomial Limb Darkening}",
      journal = {\aj},
     keywords = {Exoplanet astronomy, Exoplanet detection methods, Transit photometry, Computational astronomy, Astronomy software, Analytical mathematics, Transits, Light curves, Eclipses, Limb darkening, 486, 489, 1709, 293, 1855, 38, 1711, 918, 442, 922, Astrophysics - Earth and Planetary Astrophysics, Astrophysics - Instrumentation and Methods for Astrophysics},
         year = 2020,
        month = mar,
       volume = {159},
       number = {3},
          eid = {123},
        pages = {123},
          doi = {10.3847/1538-3881/ab4fee},
archivePrefix = {arXiv},
       eprint = {1908.03222},
 primaryClass = {astro-ph.EP},
       adsurl = {https://ui.adsabs.harvard.edu/abs/2020AJ....159..123A},
      adsnote = {Provided by the SAO/NASA Astrophysics Data System}
}

@ARTICLE{2017MNRAS.470.3027K,
       author = {{Kasliwal}, Vishal P. and {Vogeley}, Michael S. and {Richards}, Gordon T.},
        title = "{Extracting information from AGN variability}",
      journal = {\mnras},
     keywords = {accretion, accretion discs, galaxies: active, quasars: general, galaxies: Seyfert, accretion discs - galaxies: active, Astrophysics - Astrophysics of Galaxies, Astrophysics - High Energy Astrophysical Phenomena},
         year = 2017,
        month = sep,
       volume = {470},
       number = {3},
        pages = {3027-3048},
          doi = {10.1093/mnras/stx1420},
archivePrefix = {arXiv},
       eprint = {1607.04299},
 primaryClass = {astro-ph.GA},
       adsurl = {https://ui.adsabs.harvard.edu/abs/2017MNRAS.470.3027K},
      adsnote = {Provided by the SAO/NASA Astrophysics Data System}
}

@ARTICLE{2019PASP..131f3001M,
       author = {{Moreno}, Jackeline and {Vogeley}, Michael S. and {Richards}, Gordon T. and {Yu}, Weixiang},
        title = "{Stochastic Modeling Handbook for Optical AGN Variability}",
      journal = {\pasp},
     keywords = {Astrophysics - Instrumentation and Methods for Astrophysics},
         year = 2019,
        month = mar,
       volume = {131},
       number = {1000},
        pages = {063001},
          doi = {10.1088/1538-3873/ab1597},
archivePrefix = {arXiv},
       eprint = {1811.00154},
 primaryClass = {astro-ph.IM},
       adsurl = {https://ui.adsabs.harvard.edu/abs/2019PASP..131f3001M},
      adsnote = {Provided by the SAO/NASA Astrophysics Data System}
}

% PULSAR REFS

@ARTICLE{2022MNRAS.513.5861S,
       author = {{Shaw}, B. and {Stappers}, B.~W. and {Weltevrede}, P. and {Brook}, P.~R. and {Karastergiou}, A. and {Jordan}, C.~A. and {Keith}, M.~J. and {Kramer}, M. and {Lyne}, A.~G.},
        title = "{Long-term rotational and emission variability of 17 radio pulsars}",
      journal = {\mnras},
     keywords = {methods: analytical, methods: data analysis, methods: statistical, stars: neutron, pulsars: general, Astrophysics - High Energy Astrophysical Phenomena},
         year = 2022,
        month = jul,
       volume = {513},
       number = {4},
        pages = {5861-5880},
          doi = {10.1093/mnras/stac1156},
archivePrefix = {arXiv},
       eprint = {2204.10767},
 primaryClass = {astro-ph.HE},
       adsurl = {https://ui.adsabs.harvard.edu/abs/2022MNRAS.513.5861S},
      adsnote = {Provided by the SAO/NASA Astrophysics Data System}
}

@ARTICLE{2019MNRAS.488.5702B,
       author = {{Brook}, P.~R. and {Karastergiou}, A. and {Johnston}, S.},
        title = "{Linking long- and short-term emission variability in pulsars}",
      journal = {\mnras},
     keywords = {stars: neutron, pulsars: general, pulsars: individual: J1701-3726, pulsars: individual: J1727-2739, Astrophysics - High Energy Astrophysical Phenomena},
         year = 2019,
        month = oct,
       volume = {488},
       number = {4},
        pages = {5702-5712},
          doi = {10.1093/mnras/stz2092},
archivePrefix = {arXiv},
       eprint = {1904.10989},
 primaryClass = {astro-ph.HE},
       adsurl = {https://ui.adsabs.harvard.edu/abs/2019MNRAS.488.5702B},
      adsnote = {Provided by the SAO/NASA Astrophysics Data System}
}

@ARTICLE{2016MNRAS.456.1374B,
       author = {{Brook}, P.~R. and {Karastergiou}, A. and {Johnston}, S. and {Kerr}, M. and {Shannon}, R.~M. and {Roberts}, S.~J.},
        title = "{Emission-rotation correlation in pulsars: new discoveries with optimal techniques}",
      journal = {\mnras},
     keywords = {methods: analytical, methods: data analysis, methods: statistical, stars: neutron, pulsars: general, pulsars: individual: PSR J1602-5100, Astrophysics - High Energy Astrophysical Phenomena},
         year = 2016,
        month = feb,
       volume = {456},
       number = {2},
        pages = {1374-1393},
          doi = {10.1093/mnras/stv2715},
archivePrefix = {arXiv},
       eprint = {1511.05481},
 primaryClass = {astro-ph.HE},
       adsurl = {https://ui.adsabs.harvard.edu/abs/2016MNRAS.456.1374B},
      adsnote = {Provided by the SAO/NASA Astrophysics Data System}
}

@ARTICLE{2014PhRvD..90j4012V,
       author = {{van Haasteren}, Rutger and {Vallisneri}, Michele},
        title = "{New advances in the Gaussian-process approach to pulsar-timing data analysis}",
      journal = {\prd},
     keywords = {04.30.-w, 95.30.Sf, 97.60.Gb, Gravitational waves: theory, Relativity and gravitation, Pulsars, General Relativity and Quantum Cosmology, Astrophysics - Instrumentation and Methods for Astrophysics},
         year = 2014,
        month = nov,
       volume = {90},
       number = {10},
          eid = {104012},
        pages = {104012},
          doi = {10.1103/PhysRevD.90.104012},
archivePrefix = {arXiv},
       eprint = {1407.1838},
 primaryClass = {gr-qc},
       adsurl = {https://ui.adsabs.harvard.edu/abs/2014PhRvD..90j4012V},
      adsnote = {Provided by the SAO/NASA Astrophysics Data System}
}

% QPOs

@ARTICLE{2022ApJ...936...17H,
       author = {{H{\"u}bner}, Moritz and {Huppenkothen}, Daniela and {Lasky}, Paul D. and {Inglis}, Andrew R. and {Ick}, Christopher and {Hogg}, David W.},
        title = "{Searching for Quasi-periodic Oscillations in Astrophysical Transients Using Gaussian Processes}",
      journal = {\apj},
     keywords = {Astrostatistics, Bayesian statistics, Astrostatistics techniques, Model selection, X-ray transient sources, Gamma-ray transient sources, Magnetars, Solar flares, Gamma-ray bursts, Time series analysis, 1882, 1900, 1886, 1912, 1852, 1853, 992, 1496, 629, 1916, Astrophysics - Instrumentation and Methods for Astrophysics, Astrophysics - High Energy Astrophysical Phenomena, Astrophysics - Solar and Stellar Astrophysics},
         year = 2022,
        month = sep,
       volume = {936},
       number = {1},
          eid = {17},
        pages = {17},
          doi = {10.3847/1538-4357/ac7959},
archivePrefix = {arXiv},
       eprint = {2205.12716},
 primaryClass = {astro-ph.IM},
       adsurl = {https://ui.adsabs.harvard.edu/abs/2022ApJ...936...17H},
      adsnote = {Provided by the SAO/NASA Astrophysics Data System}
}


@misc{tinygp,
  author       = {Dan Foreman-Mackey and
                  Sachin Yadav and
                  Ren\'e Tronsgaard and
                  Steve Schmerler and
                  Theo Rashid},
  title        = {dfm/tinygp: tinygp v0.2.2},
  month        = apr,
  year         = 2022,
  publisher    = {Zenodo},
  version      = {v0.2.2},
  doi          = {10.5281/zenodo.6473662},
  url          = {https://doi.org/10.5281/zenodo.6473662}
}

@misc{jax,
  author = {James Bradbury and Roy Frostig and Peter Hawkins and Matthew James Johnson and Chris Leary and Dougal Maclaurin and George Necula and Adam Paszke and Jake Vander{P}las and Skye Wanderman-{M}ilne and Qiao Zhang},
  title = {{JAX}: composable transformations of {P}ython+{N}um{P}y programs},
  url = {http://github.com/google/jax},
  version = {0.3.13},
  year = {2018}
}

@ARTICLE{numpyro,
       author = {{Phan}, Du and {Pradhan}, Neeraj and {Jankowiak}, Martin},
        title = "{Composable Effects for Flexible and Accelerated Probabilistic Programming in NumPyro}",
      journal = {arXiv e-prints},
     keywords = {Statistics - Machine Learning, Computer Science - Artificial Intelligence, Computer Science - Machine Learning, Computer Science - Programming Languages, I.2.5, G.3, I.2.5, G.3},
         year = 2019,
        month = dec,
          eid = {arXiv:1912.11554},
        pages = {arXiv:1912.11554},
archivePrefix = {arXiv},
       eprint = {1912.11554},
 primaryClass = {stat.ML},
       adsurl = {https://ui.adsabs.harvard.edu/abs/2019arXiv191211554P},
      adsnote = {Provided by the SAO/NASA Astrophysics Data System}
}

@ARTICLE{2022arXiv220206797M,
       author = {{Miller}, Andrew C. and {Anderson}, Lauren and {Leistedt}, Boris and {Cunningham}, John P. and {Hogg}, David W. and {Blei}, David M.},
        title = "{Mapping Interstellar Dust with Gaussian Processes}",
      journal = {arXiv e-prints},
     keywords = {Astrophysics - Astrophysics of Galaxies, Statistics - Applications},
         year = 2022,
        month = feb,
          eid = {arXiv:2202.06797},
        pages = {arXiv:2202.06797},
archivePrefix = {arXiv},
       eprint = {2202.06797},
 primaryClass = {astro-ph.GA},
       adsurl = {https://ui.adsabs.harvard.edu/abs/2022arXiv220206797M},
      adsnote = {Provided by the SAO/NASA Astrophysics Data System}
}

@ARTICLE{2020ApJ...905...94V,
       author = {{Villar}, V. Ashley and {Hosseinzadeh}, Griffin and {Berger}, Edo and {Ntampaka}, Michelle and {Jones}, David O. and {Challis}, Peter and {Chornock}, Ryan and {Drout}, Maria R. and {Foley}, Ryan J. and {Kirshner}, Robert P. and {Lunnan}, Ragnhild and {Margutti}, Raffaella and {Milisavljevic}, Dan and {Sanders}, Nathan and {Pan}, Yen-Chen and {Rest}, Armin and {Scolnic}, Daniel M. and {Magnier}, Eugene and {Metcalfe}, Nigel and {Wainscoat}, Richard and {Waters}, Christopher},
        title = "{SuperRAENN: A Semisupervised Supernova Photometric Classification Pipeline Trained on Pan-STARRS1 Medium-Deep Survey Supernovae}",
      journal = {\apj},
     keywords = {Supernovae, Astrostatistics, Light curve classification, 1668, 1882, 1954, Astrophysics - High Energy Astrophysical Phenomena, Astrophysics - Instrumentation and Methods for Astrophysics},
         year = 2020,
        month = dec,
       volume = {905},
       number = {2},
          eid = {94},
        pages = {94},
          doi = {10.3847/1538-4357/abc6fd},
archivePrefix = {arXiv},
       eprint = {2008.04921},
 primaryClass = {astro-ph.HE},
       adsurl = {https://ui.adsabs.harvard.edu/abs/2020ApJ...905...94V},
      adsnote = {Provided by the SAO/NASA Astrophysics Data System}
}

@ARTICLE{2021ApJS..255...24V,
       author = {{Villar}, V. Ashley and {Cranmer}, Miles and {Berger}, Edo and {Contardo}, Gabriella and {Ho}, Shirley and {Hosseinzadeh}, Griffin and {Lin}, Joshua Yao-Yu},
        title = "{A Deep-learning Approach for Live Anomaly Detection of Extragalactic Transients}",
      journal = {\apjs},
     keywords = {Supernovae, Time series analysis, Astrostatistics techniques, Surveys, 1668, 1916, 1886, 1671, Astrophysics - High Energy Astrophysical Phenomena, Computer Science - Machine Learning},
         year = 2021,
        month = aug,
       volume = {255},
       number = {2},
          eid = {24},
        pages = {24},
          doi = {10.3847/1538-4365/ac0893},
archivePrefix = {arXiv},
       eprint = {2103.12102},
 primaryClass = {astro-ph.HE},
       adsurl = {https://ui.adsabs.harvard.edu/abs/2021ApJS..255...24V},
      adsnote = {Provided by the SAO/NASA Astrophysics Data System}
}

@ARTICLE{2015arXiv151101870W,
       author = {{Wilson}, Andrew Gordon and {Dann}, Christoph and {Nickisch}, Hannes},
        title = "{Thoughts on Massively Scalable Gaussian Processes}",
      journal = {arXiv e-prints},
     keywords = {Computer Science - Machine Learning, Computer Science - Artificial Intelligence, Statistics - Methodology, Statistics - Machine Learning},
         year = 2015,
        month = nov,
          eid = {arXiv:1511.01870},
        pages = {arXiv:1511.01870},
archivePrefix = {arXiv},
       eprint = {1511.01870},
 primaryClass = {cs.LG},
       adsurl = {https://ui.adsabs.harvard.edu/abs/2015arXiv151101870W},
      adsnote = {Provided by the SAO/NASA Astrophysics Data System}
}

@ARTICLE{2017LRR....20....2R,
       author = {{Romano}, Joseph D. and {Cornish}, Neil. J.},
        title = "{Detection methods for stochastic gravitational-wave backgrounds: a unified treatment}",
      journal = {Living Reviews in Relativity},
     keywords = {Gravitational waves, Data analysis, Stochastic backgrounds, General Relativity and Quantum Cosmology},
         year = 2017,
        month = apr,
       volume = {20},
       number = {1},
          eid = {2},
        pages = {2},
          doi = {10.1007/s41114-017-0004-1},
archivePrefix = {arXiv},
       eprint = {1608.06889},
 primaryClass = {gr-qc},
       adsurl = {https://ui.adsabs.harvard.edu/abs/2017LRR....20....2R},
      adsnote = {Provided by the SAO/NASA Astrophysics Data System}
}

@ARTICLE{2002PhRvD..65l2002A,
       author = {{Allen}, Bruce and {Creighton}, Jolien D. and {Flanagan}, {\'E}anna {\'E}. and {Romano}, Joseph D.},
        title = "{Robust statistics for deterministic and stochastic gravitational waves in non-Gaussian noise: Frequentist analyses}",
      journal = {\prd},
     keywords = {04.80.Nn, 04.30.Db, 07.05.Kf, 95.55.Ym, Gravitational wave detectors and experiments, Wave generation and sources, Data analysis: algorithms and implementation, data management, Gravitational radiation detectors, mass spectrometers, and other instrumentation and techniques, General Relativity and Quantum Cosmology},
         year = 2002,
        month = jun,
       volume = {65},
       number = {12},
          eid = {122002},
        pages = {122002},
          doi = {10.1103/PhysRevD.65.122002},
archivePrefix = {arXiv},
       eprint = {gr-qc/0105100},
 primaryClass = {gr-qc},
       adsurl = {https://ui.adsabs.harvard.edu/abs/2002PhRvD..65l2002A},
      adsnote = {Provided by the SAO/NASA Astrophysics Data System}
}

@article{UNSER1984231,
title = {On the approximation of the discrete Karhunen-Loeve transform for stationary processes},
journal = {Signal Processing},
volume = {7},
number = {3},
pages = {231-249},
year = {1984},
issn = {0165-1684},
doi = {https://doi.org/10.1016/0165-1684(84)90002-1},
url = {https://www.sciencedirect.com/science/article/pii/0165168484900021},
author = {Michael Unser},
keywords = {Karhunen-Loève transform, Karhunen-Loève transform approximation, stationary process, Toeplitz matrix, eigenvalue decomposition},
abstract = {Suboptimal fast transforms are useful substitutes to the optimal Karhunen-Loève transform (KLT). The selection of an efficient approximation for the KLT must be done with respect to some performance criterion that might differ from one application to another. A general class of criterion functions including most of the commonly used performance measures is introduced. They are shown to be optimized by the KLT. Various properties of the eigenvectors of the symmetric Toeplitz covariance matrix of a wide sense stationary process are reviewed. Several transforms such as the complex or real, odd and even Fourier transforms (DFT, DOFT, DREFT, DROFT), the cosine and even sine transforms (DCT, DEST) are obtained from the decomposition of a symmetric Toeplitz matrix in the sum of a circulant and a skew circulant matrix. These transforms are compared on the basis of a general performance criterion and appear to be good substitutes for the optimal KLT. Finally, it is shown that these transforms are asymptotically equivalent in performances to the KLT of an arbitrary wide sense stationary process.
Zusammenfassung
Gewisse orthogonale Transformationen erlauben eine effiziente Approximation der optimalen Karhunen-Loève Transformation (KLT). Die Wahl einer sub-optimalen Transformation wird mit Hilfe eines Performanz-Kriteriums gemacht, dieses kann je nach Applikation verschieden sein. Deshalb wird eine allgemeine Klasse von Kriterien eingeführt, die die meisten gebräuchlichen Kriterien umfasst. Es word gezeigt, dass diese Familie durch die KLT optimiziert wird. Gewisse Eigenschaften von Eigenvektoren einer symmetrischen Toeplitz Matrix werden gezeigt. Eine zirkulare Dekomposition der Kovarianz Matrix eines im weiten Sinne stationären Prozesses wird eingeführt. Diese führt zur Summe zweier block-zirkulanten Matrizen, wovon eine symmetrisch und die andere anti-symmetrisch ist. Eine Anzahl reelle und komplexe orthogonale Transformationen (DFT, DOFT, DREFT, DROFT, DCT, DEST) die den einen oder anderen Term (oder beide teilweise) dieser Dekomposition, diagonalisieren werden vorgeschlagen. Diese Transformationen werden anhand des generellen Performanz-Kriteriums verglichen. Dank ihrer fast optimalen Performanzen erlauben sie eine effiziente Approximation der KLT. Letzlich wird gezeigt, dass jede Transformation asymptotisch der KLT aequivalent ist, und dies für alle im weiteren Sinne stationären Prozesse.
Résumé
Certaines transformations orthogonales rapides permettent une approximation efficace de la transformation optimale de Karhunen-Loève (KLT). Le choix d'une transformation sous-optimale appropriée s'effectue généralement sur la base d'un critère de performance; celui-ci peut être différent d'une application à l'autre. A cet effet, nous introduisons une classe générale de critères de performances qui englobe la majorité des mesures de performances couramment utilisées. Il est montré que cette famille de fonctions est optimisée par la KLT. Certaines propriétés des vecteurs propres d'une matrice symétrique de Toeplitz sont présentées. Une décomposition circulaire de la matrice de covariance d'un processus stationnaire au sens large est introduite. Celle-ci fait apparaitre la somme de deux matrices à blocs circulants symétriques et anti-symétriques. Un certain nombre de transformations orthogonales complexes ou réelles (DFT, DOFT, DREFT, DROFT, DCT, DEST), permettant une diagonalisation de l'un des termes (ou éventuellement une diagonalisation partielle des deux termes) apparaissant dans cette décomposition, sont alors proposées. Ces transformations sont cpmparées sur la base du critère général de performance. De par leur comportement très proche de l'optimum, elles permettent une approximation efficace de la KLT. Il est finalement établi que chacune de ces transformations est asymptotiquement équivalente en performances à la KLT de n'importe quel processus stationnaire au sens large.}
}

@ARTICLE{2016ApJS..225...31L,
       author = {{Lochner}, Michelle and {McEwen}, Jason D. and {Peiris}, Hiranya V. and {Lahav}, Ofer and {Winter}, Max K.},
        title = "{Photometric Supernova Classification with Machine Learning}",
      journal = {\apjs},
     keywords = {cosmology: observations, methods: data analysis, supernovae: general, Astrophysics - Instrumentation and Methods for Astrophysics, Astrophysics - Cosmology and Nongalactic Astrophysics},
         year = 2016,
        month = aug,
       volume = {225},
       number = {2},
          eid = {31},
        pages = {31},
          doi = {10.3847/0067-0049/225/2/31},
archivePrefix = {arXiv},
       eprint = {1603.00882},
 primaryClass = {astro-ph.IM},
       adsurl = {https://ui.adsabs.harvard.edu/abs/2016ApJS..225...31L},
      adsnote = {Provided by the SAO/NASA Astrophysics Data System}
}

@ARTICLE{2019AJ....158..257B,
       author = {{Boone}, Kyle},
        title = "{Avocado: Photometric Classification of Astronomical Transients with Gaussian Process Augmentation}",
      journal = {\aj},
     keywords = {Classification, Transient sources, Supernovae, Variable stars, 1907, 1851, 1668, 1761, Astrophysics - Instrumentation and Methods for Astrophysics},
         year = 2019,
        month = dec,
       volume = {158},
       number = {6},
          eid = {257},
        pages = {257},
          doi = {10.3847/1538-3881/ab5182},
archivePrefix = {arXiv},
       eprint = {1907.04690},
 primaryClass = {astro-ph.IM},
       adsurl = {https://ui.adsabs.harvard.edu/abs/2019AJ....158..257B},
      adsnote = {Provided by the SAO/NASA Astrophysics Data System}
}

@article{autodiff,
  title={A review of automatic differentiation and its efficient implementation},
  author={Margossian, Charles C},
  journal={Wiley interdisciplinary reviews: data mining and knowledge discovery},
  volume={9},
  number={4},
  pages={e1305},
  year={2019},
  publisher={Wiley Online Library}
}

@article{JMLR:v22:21-0072,
  author  = {Jackson Loper and David Blei and John P. Cunningham and Liam Paninski},
  title   = {A general linear-time inference method for Gaussian Processes on one dimension},
  journal = {Journal of Machine Learning Research},
  year    = {2021},
  volume  = {22},
  number  = {234},
  pages   = {1--36},
  url     = {http://jmlr.org/papers/v22/21-0072.html}
}

@ARTICLE{2022A&A...658A.166D,
       author = {{Dharmawardena}, T.~E. and {Bailer-Jones}, C.~A.~L. and {Fouesneau}, M. and {Foreman-Mackey}, D.},
        title = "{Three-dimensional dust density structure of the Orion, Cygnus X, Taurus, and Perseus star-forming regions}",
      journal = {\aap},
     keywords = {methods: numerical, dust, extinction, ISM: clouds, ISM: structure, local interstellar matter, Galaxy: structure, Astrophysics - Astrophysics of Galaxies},
         year = 2022,
        month = feb,
       volume = {658},
          eid = {A166},
        pages = {A166},
          doi = {10.1051/0004-6361/202141298},
archivePrefix = {arXiv},
       eprint = {2111.06672},
 primaryClass = {astro-ph.GA},
       adsurl = {https://ui.adsabs.harvard.edu/abs/2022A&A...658A.166D},
      adsnote = {Provided by the SAO/NASA Astrophysics Data System}
}

@ARTICLE{2022MNRAS.511.5597L,
       author = {{Li}, Tanda and {Davies}, Guy R. and {Lyttle}, Alexander J. and {Ball}, Warrick H. and {Carboneau}, Lindsey M. and {Garc{\'\i}a}, Rafael A.},
        title = "{Modelling stars with Gaussian Process Regression: augmenting stellar model grid}",
      journal = {\mnras},
     keywords = {methods: statistical, stars: evolution, stars: statistics, Astrophysics - Solar and Stellar Astrophysics, Astrophysics - Astrophysics of Galaxies, Astrophysics - Instrumentation and Methods for Astrophysics},
         year = 2022,
        month = apr,
       volume = {511},
       number = {4},
        pages = {5597-5610},
          doi = {10.1093/mnras/stac467},
archivePrefix = {arXiv},
       eprint = {2202.08398},
 primaryClass = {astro-ph.SR},
       adsurl = {https://ui.adsabs.harvard.edu/abs/2022MNRAS.511.5597L},
      adsnote = {Provided by the SAO/NASA Astrophysics Data System}
}



@ARTICLE{2003ApJ...585.1038S,
       author = {{Seager}, S. and {Mall{\'e}n-Ornelas}, G.},
        title = "{A Unique Solution of Planet and Star Parameters from an Extrasolar Planet Transit Light Curve}",
      journal = {\apj},
     keywords = {Stars: Binaries: Eclipsing, Stars: Planetary Systems, Techniques: Photometric, Astrophysics},
         year = 2003,
        month = mar,
       volume = {585},
       number = {2},
        pages = {1038-1055},
          doi = {10.1086/346105},
archivePrefix = {arXiv},
       eprint = {astro-ph/0206228},
 primaryClass = {astro-ph},
       adsurl = {https://ui.adsabs.harvard.edu/abs/2003ApJ...585.1038S},
      adsnote = {Provided by the SAO/NASA Astrophysics Data System}
}

@ARTICLE{2005Sci...307.1288H,
       author = {{Holman}, Matthew J. and {Murray}, Norman W.},
        title = "{The Use of Transit Timing to Detect Terrestrial-Mass Extrasolar Planets}",
      journal = {Science},
     keywords = {ASTRONOMY, Astrophysics},
         year = 2005,
        month = feb,
       volume = {307},
       number = {5713},
        pages = {1288-1291},
          doi = {10.1126/science.1107822},
archivePrefix = {arXiv},
       eprint = {astro-ph/0412028},
 primaryClass = {astro-ph},
       adsurl = {https://ui.adsabs.harvard.edu/abs/2005Sci...307.1288H},
      adsnote = {Provided by the SAO/NASA Astrophysics Data System}
}

@ARTICLE{2000ApJ...537..916S,
       author = {{Seager}, S. and {Sasselov}, D.~D.},
        title = "{Theoretical Transmission Spectra during Extrasolar Giant Planet Transits}",
      journal = {\apj},
     keywords = {Stars: Planetary Systems, Radiative Transfer, Stars: Atmospheres, Astrophysics},
         year = 2000,
        month = jul,
       volume = {537},
       number = {2},
        pages = {916-921},
          doi = {10.1086/309088},
archivePrefix = {arXiv},
       eprint = {astro-ph/9912241},
 primaryClass = {astro-ph},
       adsurl = {https://ui.adsabs.harvard.edu/abs/2000ApJ...537..916S},
      adsnote = {Provided by the SAO/NASA Astrophysics Data System}
}

@ARTICLE{2016ApJ...819...10W,
       author = {{Wakeford}, H.~R. and {Sing}, D.~K. and {Evans}, T. and {Deming}, D. and {Mandell}, A.},
        title = "{Marginalizing Instrument Systematics in HST WFC3 Transit Light Curves}",
      journal = {\apj},
     keywords = {methods: data analysis, planets and satellites: atmospheres, techniques: spectroscopic, Astrophysics - Earth and Planetary Astrophysics},
         year = 2016,
        month = mar,
       volume = {819},
       number = {1},
          eid = {10},
        pages = {10},
          doi = {10.3847/0004-637X/819/1/10},
archivePrefix = {arXiv},
       eprint = {1601.02587},
 primaryClass = {astro-ph.EP},
       adsurl = {https://ui.adsabs.harvard.edu/abs/2016ApJ...819...10W},
      adsnote = {Provided by the SAO/NASA Astrophysics Data System}
}

@ARTICLE{2015ApJ...805..132D,
       author = {{Deming}, Drake and {Knutson}, Heather and {Kammer}, Joshua and {Fulton}, Benjamin J. and {Ingalls}, James and {Carey}, Sean and {Burrows}, Adam and {Fortney}, Jonathan J. and {Todorov}, Kamen and {Agol}, Eric and {Cowan}, Nicolas and {Desert}, Jean-Michel and {Fraine}, Jonathan and {Langton}, Jonathan and {Morley}, Caroline and {Showman}, Adam P.},
        title = "{Spitzer Secondary Eclipses of the Dense, Modestly-irradiated, Giant Exoplanet HAT-P-20b Using Pixel-level Decorrelation}",
      journal = {\apj},
     keywords = {eclipses, infrared: planetary systems, planetary systems, planets and satellites: atmospheres, Astrophysics - Earth and Planetary Astrophysics},
         year = 2015,
        month = jun,
       volume = {805},
       number = {2},
          eid = {132},
        pages = {132},
          doi = {10.1088/0004-637X/805/2/132},
archivePrefix = {arXiv},
       eprint = {1411.7404},
 primaryClass = {astro-ph.EP},
       adsurl = {https://ui.adsabs.harvard.edu/abs/2015ApJ...805..132D},
      adsnote = {Provided by the SAO/NASA Astrophysics Data System}
}

@misc{https://doi.org/10.48550/arxiv.2208.11692,
  doi = {10.48550/ARXIV.2208.11692},
  
  url = {https://arxiv.org/abs/2208.11692},
  
  author = {{The JWST Transiting Exoplanet Community Early Release Science Team} and Ahrer, Eva-Maria and Alderson, Lili and Batalha, Natalie M. and Batalha, Natasha E. and Bean, Jacob L. and Beatty, Thomas G. and Bell, Taylor J. and Benneke, Björn and Berta-Thompson, Zachory K. and Carter, Aarynn L. and Crossfield, Ian J. M. and Espinoza, Néstor and Feinstein, Adina D. and Fortney, Jonathan J. and Gibson, Neale P. and Goyal, Jayesh M. and Kempton, Eliza M. -R. and Kirk, James and Kreidberg, Laura and López-Morales, Mercedes and Line, Michael R. and Lothringer, Joshua D. and Moran, Sarah E. and Mukherjee, Sagnick and Ohno, Kazumasa and Parmentier, Vivien and Piaulet, Caroline and Rustamkulov, Zafar and Schlawin, Everett and Sing, David K. and Stevenson, Kevin B. and Wakeford, Hannah R. and Allen, Natalie H. and Birkmann, Stephan M. and Brande, Jonathan and Crouzet, Nicolas and Cubillos, Patricio E. and Damiano, Mario and Désert, Jean-Michel and Gao, Peter and Harrington, Joseph and Hu, Renyu and Kendrew, Sarah and Knutson, Heather A. and Lagage, Pierre-Olivier and Leconte, Jérémy and Lendl, Monika and MacDonald, Ryan J. and May, E. M. and Miguel, Yamila and Molaverdikhani, Karan and Moses, Julianne I. and Murray, Catriona Anne and Nehring, Molly and Nikolov, Nikolay K. and de la Roche, D. J. M. Petit dit and Radica, Michael and Roy, Pierre-Alexis and Stassun, Keivan G. and Taylor, Jake and Waalkes, William C. and Wachiraphan, Patcharapol and Welbanks, Luis and Wheatley, Peter J. and Aggarwal, Keshav and Alam, Munazza K. and Banerjee, Agnibha and Barstow, Joanna K. and Blecic, Jasmina and Casewell, S. L. and Changeat, Quentin and Chubb, K. L. and Colón, Knicole D. and Coulombe, Louis-Philippe and Daylan, Tansu and de Val-Borro, Miguel and Decin, Leen and Santos, Leonardo A. Dos and Flagg, Laura and France, Kevin and Fu, Guangwei and Muñoz, A. García and Gizis, John E. and Glidden, Ana and Grant, David and Heng, Kevin and Henning, Thomas and Hong, Yu-Cian and Inglis, Julie and Iro, Nicolas and Kataria, Tiffany and Komacek, Thaddeus D. and Krick, Jessica E. and Lee, Elspeth K. H. and Lewis, Nikole K. and Lillo-Box, Jorge and Lustig-Yaeger, Jacob and Mancini, Luigi and Mandell, Avi M. and Mansfield, Megan and Marley, Mark S. and Mikal-Evans, Thomas and Morello, Giuseppe and Nixon, Matthew C. and Ceballos, Kevin Ortiz and Piette, Anjali A. A. and Powell, Diana and Rackham, Benjamin V. and Ramos-Rosado, Lakeisha and Rauscher, Emily and Redfield, Seth and Rogers, Laura K. and Roman, Michael T. and Roudier, Gael M. and Scarsdale, Nicholas and Shkolnik, Evgenya L. and Southworth, John and Spake, Jessica J. and Steinrueck, Maria E and Tan, Xianyu and Teske, Johanna K. and Tremblin, Pascal and Tsai, Shang-Min and Tucker, Gregory S. and Turner, Jake D. and Valenti, Jeff A. and Venot, Olivia and Waldmann, Ingo P. and Wallack, Nicole L. and Zhang, Xi and Zieba, Sebastian},
  
  keywords = {Earth and Planetary Astrophysics (astro-ph.EP), FOS: Physical sciences, FOS: Physical sciences},
  
  title = {Identification of carbon dioxide in an exoplanet atmosphere},
  
  publisher = {arXiv},
  
  year = {2022},
  
  copyright = {Creative Commons Attribution 4.0 International}
}

@article{sarkka2020temporal,
  title={{Temporal parallelization of Bayesian smoothers}},
  author={S{\"a}rkk{\"a}, Simo and Garc{\'\i}a-Fern{\'a}ndez, {\'A}ngel F},
  journal={IEEE Transactions on Automatic Control},
  volume={66},
  number={1},
  pages={299--306},
  year={2020},
  publisher={IEEE}
}
@ARTICLE{2019MNRAS.489.3810P,
       author = {{Parthasarathy}, A. and {Shannon}, R.~M. and {Johnston}, S. and {Lentati}, L. and {Bailes}, M. and {Dai}, S. and {Kerr}, M. and {Manchester}, R.~N. and {Os{\l}owski}, S. and {Sobey}, C. and {van Straten}, W. and {Weltevrede}, P.},
        title = "{Timing of young radio pulsars - I. Timing noise, periodic modulation, and proper motion}",
      journal = {\mnras},
     keywords = {methods: data analysis, stars: neutron, pulsars: general, Astrophysics - High Energy Astrophysical Phenomena, Astrophysics - Solar and Stellar Astrophysics},
         year = 2019,
        month = nov,
       volume = {489},
       number = {3},
        pages = {3810-3826},
          doi = {10.1093/mnras/stz2383},
archivePrefix = {arXiv},
       eprint = {1908.11709},
 primaryClass = {astro-ph.HE},
       adsurl = {https://ui.adsabs.harvard.edu/abs/2019MNRAS.489.3810P},
      adsnote = {Provided by the SAO/NASA Astrophysics Data System}
}

@inproceedings{shah2014student,
  title={Student-t processes as alternatives to Gaussian processes},
  author={Shah, Amar and Wilson, Andrew and Ghahramani, Zoubin},
  booktitle={Artificial intelligence and statistics},
  pages={877--885},
  year={2014},
  organization={PMLR}
}

@ARTICLE{2012arXiv1212.6246W,
       author = {{Wang}, Chunyi and {Neal}, Radford M.},
        title = "{Gaussian Process Regression with Heteroscedastic or Non-Gaussian Residuals}",
      journal = {arXiv e-prints},
     keywords = {Statistics - Machine Learning, Computer Science - Machine Learning},
         year = 2012,
        month = dec,
          eid = {arXiv:1212.6246},
        pages = {arXiv:1212.6246},
archivePrefix = {arXiv},
       eprint = {1212.6246},
 primaryClass = {stat.ML},
       adsurl = {https://ui.adsabs.harvard.edu/abs/2012arXiv1212.6246W},
      adsnote = {Provided by the SAO/NASA Astrophysics Data System}
}

@inproceedings{NIPS2009_13fe9d84,
 author = {Vanhatalo, Jarno and Jyl\"{a}nki, Pasi and Vehtari, Aki},
 booktitle = {Advances in Neural Information Processing Systems},
 editor = {Y. Bengio and D. Schuurmans and J. Lafferty and C. Williams and A. Culotta},
 pages = {},
 publisher = {Curran Associates, Inc.},
 title = {{Gaussian process regression with Student-t likelihood}},
 url = {https://proceedings.neurips.cc/paper/2009/file/13fe9d84310e77f13a6d184dbf1232f3-Paper.pdf},
 volume = {22},
 year = {2009}
}

@ARTICLE{2015ApJ...812..128C,
       author = {{Czekala}, Ian and {Andrews}, Sean M. and {Mandel}, Kaisey S. and {Hogg}, David W. and {Green}, Gregory M.},
        title = "{Constructing a Flexible Likelihood Function for Spectroscopic Inference}",
      journal = {\apj},
     keywords = {methods: data analysis, methods: statistical, stars: fundamental parameters, stars: late-type, stars: statistics, techniques: spectroscopic, Astrophysics - Solar and Stellar Astrophysics, Astrophysics - Earth and Planetary Astrophysics, Astrophysics - Instrumentation and Methods for Astrophysics},
         year = 2015,
        month = oct,
       volume = {812},
       number = {2},
          eid = {128},
        pages = {128},
          doi = {10.1088/0004-637X/812/2/128},
archivePrefix = {arXiv},
       eprint = {1412.5177},
 primaryClass = {astro-ph.SR},
       adsurl = {https://ui.adsabs.harvard.edu/abs/2015ApJ...812..128C},
      adsnote = {Provided by the SAO/NASA Astrophysics Data System}
}

@ARTICLE{2010arXiv1008.4686H,
       author = {{Hogg}, David W. and {Bovy}, Jo and {Lang}, Dustin},
        title = "{Data analysis recipes: Fitting a model to data}",
      journal = {arXiv e-prints},
     keywords = {Astrophysics - Instrumentation and Methods for Astrophysics, Physics - Data Analysis, Statistics and Probability},
         year = 2010,
        month = aug,
          eid = {arXiv:1008.4686},
        pages = {arXiv:1008.4686},
archivePrefix = {arXiv},
       eprint = {1008.4686},
 primaryClass = {astro-ph.IM},
       adsurl = {https://ui.adsabs.harvard.edu/abs/2010arXiv1008.4686H},
      adsnote = {Provided by the SAO/NASA Astrophysics Data System}
}

@INPROCEEDINGS{1997upa..conf...49P,
       author = {{Press}, W.~H.},
        title = "{Understanding data better with Bayesian and global statistical methods.}",
     keywords = {Statistical Methods: Hubble Constant, Statistical Methods, Astrophysics},
    booktitle = {Unsolved Problems in Astrophysics},
         year = 1997,
        month = jan,
        pages = {49-60},
archivePrefix = {arXiv},
       eprint = {astro-ph/9604126},
 primaryClass = {astro-ph},
       adsurl = {https://ui.adsabs.harvard.edu/abs/1997upa..conf...49P},
      adsnote = {Provided by the SAO/NASA Astrophysics Data System}
}

@ARTICLE{2019ApJ...885L..12D,
       author = {{David}, Trevor J. and {Petigura}, Erik A. and {Luger}, Rodrigo and {Foreman-Mackey}, Daniel and {Livingston}, John H. and {Mamajek}, Eric E. and {Hillenbrand}, Lynne A.},
        title = "{Four Newborn Planets Transiting the Young Solar Analog V1298 Tau}",
      journal = {\apjl},
     keywords = {Exoplanets, Exoplanet astronomy, Exoplanet evolution, Transit photometry, Planetary system formation, Weak-line T Tauri stars, Young star clusters, 498, 486, 491, 1709, 1257, 1795, 1833, Astrophysics - Earth and Planetary Astrophysics, Astrophysics - Solar and Stellar Astrophysics},
         year = 2019,
        month = nov,
       volume = {885},
       number = {1},
          eid = {L12},
        pages = {L12},
          doi = {10.3847/2041-8213/ab4c99},
archivePrefix = {arXiv},
       eprint = {1910.04563},
 primaryClass = {astro-ph.EP},
       adsurl = {https://ui.adsabs.harvard.edu/abs/2019ApJ...885L..12D},
      adsnote = {Provided by the SAO/NASA Astrophysics Data System}
}

@ARTICLE{2016PhRvD..93f4001M,
       author = {{Moore}, Christopher J. and {Berry}, Christopher P.~L. and {Chua}, Alvin J.~K. and {Gair}, Jonathan R.},
        title = "{Improving gravitational-wave parameter estimation using Gaussian process regression}",
      journal = {\prd},
     keywords = {General Relativity and Quantum Cosmology, Astrophysics - Instrumentation and Methods for Astrophysics},
         year = 2016,
        month = mar,
       volume = {93},
       number = {6},
          eid = {064001},
        pages = {064001},
          doi = {10.1103/PhysRevD.93.064001},
archivePrefix = {arXiv},
       eprint = {1509.04066},
 primaryClass = {gr-qc},
       adsurl = {https://ui.adsabs.harvard.edu/abs/2016PhRvD..93f4001M},
      adsnote = {Provided by the SAO/NASA Astrophysics Data System}
}

@ARTICLE{2022MNRAS.510.4873A,
       author = {{Antoniadis}, J. and {Arzoumanian}, Z. and {Babak}, S. and {Bailes}, M. and {Bak Nielsen}, A. -S. and {Baker}, P.~T. and {Bassa}, C.~G. and {B{\'e}csy}, B. and {Berthereau}, A. and {Bonetti}, M. and {Brazier}, A. and {Brook}, P.~R. and {Burgay}, M. and {Burke-Spolaor}, S. and {Caballero}, R.~N. and {Casey-Clyde}, J.~A. and {Chalumeau}, A. and {Champion}, D.~J. and {Charisi}, M. and {Chatterjee}, S. and {Chen}, S. and {Cognard}, I. and {Cordes}, J.~M. and {Cornish}, N.~J. and {Crawford}, F. and {Cromartie}, H.~T. and {Crowter}, K. and {Dai}, S. and {DeCesar}, M.~E. and {Demorest}, P.~B. and {Desvignes}, G. and {Dolch}, T. and {Drachler}, B. and {Falxa}, M. and {Ferrara}, E.~C. and {Fiore}, W. and {Fonseca}, E. and {Gair}, J.~R. and {Garver-Daniels}, N. and {Goncharov}, B. and {Good}, D.~C. and {Graikou}, E. and {Guillemot}, L. and {Guo}, Y.~J. and {Hazboun}, J.~S. and {Hobbs}, G. and {Hu}, H. and {Islo}, K. and {Janssen}, G.~H. and {Jennings}, R.~J. and {Johnson}, A.~D. and {Jones}, M.~L. and {Kaiser}, A.~R. and {Kaplan}, D.~L. and {Karuppusamy}, R. and {Keith}, M.~J. and {Kelley}, L.~Z. and {Kerr}, M. and {Key}, J.~S. and {Kramer}, M. and {Lam}, M.~T. and {Lamb}, W.~G. and {Lazio}, T.~J.~W. and {Lee}, K.~J. and {Lentati}, L. and {Liu}, K. and {Luo}, J. and {Lynch}, R.~S. and {Lyne}, A.~G. and {Madison}, D.~R. and {Main}, R.~A. and {Manchester}, R.~N. and {McEwen}, A. and {McKee}, J.~W. and {McLaughlin}, M.~A. and {Mickaliger}, M.~B. and {Mingarelli}, C.~M.~F. and {Ng}, C. and {Nice}, D.~J. and {Os{\l}owski}, S. and {Parthasarathy}, A. and {Pennucci}, T.~T. and {Perera}, B.~B.~P. and {Perrodin}, D. and {Petiteau}, A. and {Pol}, N.~S. and {Porayko}, N.~K. and {Possenti}, A. and {Ransom}, S.~M. and {Ray}, P.~S. and {Reardon}, D.~J. and {Russell}, C.~J. and {Samajdar}, A. and {Sampson}, L.~M. and {Sanidas}, S. and {Sarkissian}, J.~M. and {Schmitz}, K. and {Schult}, L. and {Sesana}, A. and {Shaifullah}, G. and {Shannon}, R.~M. and {Shapiro-Albert}, B.~J. and {Siemens}, X. and {Simon}, J. and {Smith}, T.~L. and {Speri}, L. and {Spiewak}, R. and {Stairs}, I.~H. and {Stappers}, B.~W. and {Stinebring}, D.~R. and {Swiggum}, J.~K. and {Taylor}, S.~R. and {Theureau}, G. and {Tiburzi}, C. and {Vallisneri}, M. and {van der Wateren}, E. and {Vecchio}, A. and {Verbiest}, J.~P.~W. and {Vigeland}, S.~J. and {Wahl}, H. and {Wang}, J.~B. and {Wang}, J. and {Wang}, L. and {Witt}, C.~A. and {Zhang}, S. and {Zhu}, X.~J.},
        title = "{The International Pulsar Timing Array second data release: Search for an isotropic gravitational wave background}",
      journal = {\mnras},
     keywords = {gravitational waves, methods: data analysis, pulsars: general, Astrophysics - High Energy Astrophysical Phenomena, Astrophysics - Instrumentation and Methods for Astrophysics},
         year = 2022,
        month = mar,
       volume = {510},
       number = {4},
        pages = {4873-4887},
          doi = {10.1093/mnras/stab3418},
archivePrefix = {arXiv},
       eprint = {2201.03980},
 primaryClass = {astro-ph.HE},
       adsurl = {https://ui.adsabs.harvard.edu/abs/2022MNRAS.510.4873A},
      adsnote = {Provided by the SAO/NASA Astrophysics Data System}
}

@ARTICLE{2020CQGra..37e5002A,
       author = {{Abbott}, B.~P. and {Abbott}, R. and {Abbott}, T.~D. and {Abraham}, S. and {Acernese}, F. and {Ackley}, K. and {Adams}, C. and {Adya}, V.~B. and {Affeldt}, C. and {Agathos}, M. and {Agatsuma}, K. and {Aggarwal}, N. and {Aguiar}, O.~D. and {Aiello}, L. and {Ain}, A. and {Ajith}, P. and {Alford}, T. and {Allen}, G. and {Allocca}, A. and {Aloy}, M.~A. and {Altin}, P.~A. and {Amato}, A. and {Ananyeva}, A. and {Anderson}, S.~B. and {Anderson}, W.~G. and {Angelova}, S.~V. and {Antier}, S. and {Appert}, S. and {Arai}, K. and {Araya}, M.~C. and {Areeda}, J.~S. and {Ar{\`e}ne}, M. and {Arnaud}, N. and {Arun}, K.~G. and {Ascenzi}, S. and {Ashton}, G. and {Aston}, S.~M. and {Astone}, P. and {Aubin}, F. and {Aufmuth}, P. and {AultONeal}, K. and {Austin}, C. and {Avendano}, V. and {Avila-Alvarez}, A. and {Babak}, S. and {Bacon}, P. and {Badaracco}, F. and {Bader}, M.~K.~M. and {Bae}, S. and {Baker}, P.~T. and {Baldaccini}, F. and {Ballardin}, G. and {Ballmer}, S.~W. and {Banagiri}, S. and {Barayoga}, J.~C. and {Barclay}, S.~E. and {Barish}, B.~C. and {Barker}, D. and {Barkett}, K. and {Barnum}, S. and {Barone}, F. and {Barr}, B. and {Barsotti}, L. and {Barsuglia}, M. and {Barta}, D. and {Bartlett}, J. and {Bartos}, I. and {Bassiri}, R. and {Basti}, A. and {Bawaj}, M. and {Bayley}, J.~C. and {Bazzan}, M. and {B{\'e}csy}, B. and {Bejger}, M. and {Belahcene}, I. and {Bell}, A.~S. and {Beniwal}, D. and {Berger}, B.~K. and {Bergmann}, G. and {Bernuzzi}, S. and {Bero}, J.~J. and {Berry}, C.~P.~L. and {Bersanetti}, D. and {Bertolini}, A. and {Betzwieser}, J. and {Bhandare}, R. and {Bidler}, J. and {Bilenko}, I.~A. and {Bilgili}, S.~A. and {Billingsley}, G. and {Birch}, J. and {Birney}, R. and {Birnholtz}, O. and {Biscans}, S. and {Biscoveanu}, S. and {Bisht}, A. and {Bitossi}, M. and {Bizouard}, M.~A. and {Blackburn}, J.~K. and {Blair}, C.~D. and {Blair}, D.~G. and {Blair}, R.~M. and {Bloemen}, S. and {Bode}, N. and {Boer}, M. and {Boetzel}, Y. and {Bogaert}, G. and {Bondu}, F. and {Bonilla}, E. and {Bonnand}, R. and {Booker}, P. and {Boom}, B.~A. and {Booth}, C.~D. and {Bork}, R. and {Boschi}, V. and {Bose}, S. and {Bossie}, K. and {Bossilkov}, V. and {Bosveld}, J. and {Bouffanais}, Y. and {Bozzi}, A. and {Bradaschia}, C. and {Brady}, P.~R. and {Bramley}, A. and {Branchesi}, M. and {Brau}, J.~E. and {Briant}, T. and {Briggs}, J.~H. and {Brighenti}, F. and {Brillet}, A. and {Brinkmann}, M. and {Brisson}, V. and {Brockill}, P. and {Brooks}, A.~F. and {Brown}, D.~D. and {Brunett}, S. and {Buikema}, A. and {Bulik}, T. and {Bulten}, H.~J. and {Buonanno}, A. and {Buskulic}, D. and {Buy}, C. and {Byer}, R.~L. and {Cabero}, M. and {Cadonati}, L. and {Cagnoli}, G. and {Cahillane}, C. and {Calder{\'o}n Bustillo}, J. and {Callister}, T.~A. and {Calloni}, E. and {Camp}, J.~B. and {Campbell}, W.~A. and {Canepa}, M. and {Cannon}, K.~C. and {Cao}, H. and {Cao}, J. and {Capocasa}, E. and {Carbognani}, F. and {Caride}, S. and {Carney}, M.~F. and {Carullo}, G. and {Casanueva Diaz}, J. and {Casentini}, C. and {Caudill}, S. and {Cavagli{\`a}}, M. and {Cavalier}, F. and {Cavalieri}, R. and {Cella}, G. and {Cerd{\'a}-Dur{\'a}n}, P. and {Cerretani}, G. and {Cesarini}, E. and {Chaibi}, O. and {Chakravarti}, K. and {Chamberlin}, S.~J. and {Chan}, M. and {Chao}, S. and {Charlton}, P. and {Chase}, E.~A. and {Chassande-Mottin}, E. and {Chatterjee}, D. and {Chaturvedi}, M. and {Chatziioannou}, K. and {Cheeseboro}, B.~D. and {Chen}, H.~Y. and {Chen}, X. and {Chen}, Y. and {Cheng}, H. -P. and {Cheong}, C.~K. and {Chia}, H.~Y. and {Chincarini}, A. and {Chiummo}, A. and {Cho}, G. and {Cho}, H.~S. and {Cho}, M. and {Christensen}, N. and {Chu}, Q. and {Chua}, S. and {Chung}, K.~W. and {Chung}, S. and {Ciani}, G. and {Ciobanu}, A.~A. and {Ciolfi}, R. and {Cipriano}, F. and {Cirone}, A. and {Clara}, F. and {Clark}, J.~A. and {Clearwater}, P. and {Cleva}, F. and {Cocchieri}, C. and {Coccia}, E. and {Cohadon}, P. -F. and {Cohen}, D. and {Colgan}, R. and {Colleoni}, M. and {Collette}, C.~G. and {Collins}, C. and {Cominsky}, L.~R. and {Constancio}, M., Jr. and {Conti}, L. and {Cooper}, S.~J. and {Corban}, P. and {Corbitt}, T.~R. and {Cordero-Carri{\'o}n}, I. and {Corley}, K.~R. and {Cornish}, N. and {Corsi}, A. and {Cortese}, S. and {Costa}, C.~A. and {Cotesta}, R. and {Coughlin}, M.~W. and {Coughlin}, S.~B. and {Coulon}, J. -P. and {Countryman}, S.~T. and {Couvares}, P. and {Covas}, P.~B. and {Cowan}, E.~E. and {Coward}, D.~M. and {Cowart}, M.~J. and {Coyne}, D.~C. and {Coyne}, R. and {Creighton}, J.~D.~E. and {Creighton}, T.~D. and {Cripe}, J. and {Croquette}, M. and {Crowder}, S.~G. and {Cullen}, T.~J. and {Cumming}, A. and {Cunningham}, L. and {Cuoco}, E. and {Dal Canton}, T. and {D{\'a}lya}, G. and {Danilishin}, S.~L. and {D'Antonio}, S. and {Danzmann}, K. and {Dasgupta}, A. and {Da Silva Costa}, C.~F. and {Datrier}, L.~E.~H. and {Dattilo}, V. and {Dave}, I. and {Davier}, M. and {Davis}, D. and {Daw}, E.~J. and {DeBra}, D. and {Deenadayalan}, M. and {Degallaix}, J. and {De Laurentis}, M. and {Del{\'e}glise}, S. and {Del Pozzo}, W. and {DeMarchi}, L.~M. and {Demos}, N. and {Dent}, T. and {De Pietri}, R. and {Derby}, J. and {De Rosa}, R. and {De Rossi}, C. and {DeSalvo}, R. and {de Varona}, O. and {Dhurandhar}, S. and {D{\'\i}az}, M.~C. and {Dietrich}, T. and {Di Fiore}, L. and {Di Giovanni}, M. and {Di Girolamo}, T. and {Di Lieto}, A. and {Ding}, B. and {Di Pace}, S. and {Di Palma}, I. and {Di Renzo}, F. and {Dmitriev}, A. and {Doctor}, Z. and {Donovan}, F. and {Dooley}, K.~L. and {Doravari}, S. and {Dorrington}, I. and {Downes}, T.~P. and {Drago}, M. and {Driggers}, J.~C. and {Du}, Z. and {Ducoin}, J. -G. and {Dupej}, P. and {Dwyer}, S.~E. and {Easter}, P.~J. and {Edo}, T.~B. and {Edwards}, M.~C. and {Effler}, A. and {Ehrens}, P. and {Eichholz}, J. and {Eikenberry}, S.~S. and {Eisenmann}, M. and {Eisenstein}, R.~A. and {Essick}, R.~C. and {Estelles}, H. and {Estevez}, D. and {Etienne}, Z.~B. and {Etzel}, T. and {Evans}, M. and {Evans}, T.~M. and {Fafone}, V. and {Fair}, H. and {Fairhurst}, S. and {Fan}, X. and {Farinon}, S. and {Farr}, B. and {Farr}, W.~M. and {Fauchon-Jones}, E.~J. and {Favata}, M. and {Fays}, M. and {Fazio}, M. and {Fee}, C. and {Feicht}, J. and {Fejer}, M.~M. and {Feng}, F. and {Fernandez-Galiana}, A. and {Ferrante}, I. and {Ferreira}, E.~C. and {Ferreira}, T.~A. and {Ferrini}, F. and {Fidecaro}, F. and {Fiori}, I. and {Fiorucci}, D. and {Fishbach}, M. and {Fisher}, R.~P. and {Fishner}, J.~M. and {Fitz-Axen}, M. and {Flaminio}, R. and {Fletcher}, M. and {Flynn}, E. and {Fong}, H. and {Font}, J.~A. and {Forsyth}, P.~W.~F. and {Fournier}, J. -D. and {Frasca}, S. and {Frasconi}, F. and {Frei}, Z. and {Freise}, A. and {Frey}, R. and {Frey}, V. and {Fritschel}, P. and {Frolov}, V.~V. and {Fulda}, P. and {Fyffe}, M. and {Gabbard}, H.~A. and {Gadre}, B.~U. and {Gaebel}, S.~M. and {Gair}, J.~R. and {Gammaitoni}, L. and {Ganija}, M.~R. and {Gaonkar}, S.~G. and {Garcia}, A. and {Garc{\'\i}a-Quir{\'o}s}, C. and {Garufi}, F. and {Gateley}, B. and {Gaudio}, S. and {Gaur}, G. and {Gayathri}, V. and {Gemme}, G. and {Genin}, E. and {Gennai}, A. and {George}, D. and {George}, J. and {Gergely}, L. and {Germain}, V. and {Ghonge}, S. and {Ghosh}, Abhirup and {Ghosh}, Archisman and {Ghosh}, S. and {Giacomazzo}, B. and {Giaime}, J.~A. and {Giardina}, K.~D. and {Giazotto}, A. and {Gill}, K. and {Giordano}, G. and {Glover}, L. and {Godwin}, P. and {Goetz}, E. and {Goetz}, R. and {Goncharov}, B. and {Gonz{\'a}lez}, G. and {Gonzalez Castro}, J.~M. and {Gopakumar}, A. and {Gorodetsky}, M.~L. and {Gossan}, S.~E. and {Gosselin}, M. and {Gouaty}, R. and {Grado}, A. and {Graef}, C. and {Granata}, M. and {Grant}, A. and {Gras}, S. and {Grassia}, P. and {Gray}, C. and {Gray}, R. and {Greco}, G. and {Green}, A.~C. and {Green}, R. and {Gretarsson}, E.~M. and {Groot}, P. and {Grote}, H. and {Grunewald}, S. and {Gruning}, P. and {Guidi}, G.~M. and {Gulati}, H.~K. and {Guo}, Y. and {Gupta}, A. and {Gupta}, M.~K. and {Gustafson}, E.~K. and {Gustafson}, R. and {Haegel}, L. and {Halim}, O. and {Hall}, B.~R. and {Hall}, E.~D. and {Hamilton}, E.~Z. and {Hammond}, G. and {Haney}, M. and {Hanke}, M.~M. and {Hanks}, J. and {Hanna}, C. and {Hannam}, M.~D. and {Hannuksela}, O.~A. and {Hanson}, J. and {Hardwick}, T. and {Haris}, K. and {Harms}, J. and {Harry}, G.~M. and {Harry}, I.~W. and {Haster}, C. -J. and {Haughian}, K. and {Hayes}, F.~J. and {Healy}, J. and {Heidmann}, A. and {Heintze}, M.~C. and {Heitmann}, H. and {Hello}, P. and {Hemming}, G. and {Hendry}, M. and {Heng}, I.~S. and {Hennig}, J. and {Heptonstall}, A.~W. and {Vivanco}, Francisco Hernandez and {Heurs}, M. and {Hild}, S. and {Hinderer}, T. and {Hoak}, D. and {Hochheim}, S. and {Hofman}, D. and {Holgado}, A.~M. and {Holland}, N.~A. and {Holt}, K. and {Holz}, D.~E. and {Hopkins}, P. and {Horst}, C. and {Hough}, J. and {Howell}, E.~J. and {Hoy}, C.~G. and {Hreibi}, A. and {Huerta}, E.~A. and {Huet}, D. and {Hughey}, B. and {Hulko}, M. and {Husa}, S. and {Huttner}, S.~H. and {Huynh-Dinh}, T. and {Idzkowski}, B. and {Iess}, A. and {Ingram}, C. and {Inta}, R. and {Intini}, G. and {Irwin}, B. and {Isa}, H.~N. and {Isac}, J. -M. and {Isi}, M. and {Iyer}, B.~R. and {Izumi}, K. and {Jacqmin}, T. and {Jadhav}, S.~J. and {Jani}, K. and {Janthalur}, N.~N. and {Jaranowski}, P. and {Jenkins}, A.~C. and {Jiang}, J. and {Johnson}, D.~S. and {Jones}, A.~W. and {Jones}, D.~I. and {Jones}, R. and {Jonker}, R.~J.~G. and {Ju}, L. and {Junker}, J. and {Kalaghatgi}, C.~V. and {Kalogera}, V. and {Kamai}, B. and {Kandhasamy}, S. and {Kang}, G. and {Kanner}, J.~B. and {Kapadia}, S.~J. and {Karki}, S. and {Karvinen}, K.~S. and {Kashyap}, R. and {Kasprzack}, M. and {Katsanevas}, S. and {Katsavounidis}, E. and {Katzman}, W. and {Kaufer}, S. and {Kawabe}, K. and {Keerthana}, N.~V. and {K{\'e}f{\'e}lian}, F. and {Keitel}, D. and {Kennedy}, R. and {Key}, J.~S. and {Khalili}, F.~Y. and {Khan}, H. and {Khan}, I. and {Khan}, S. and {Khan}, Z. and {Khazanov}, E.~A. and {Khursheed}, M. and {Kijbunchoo}, N. and {Kim}, A.~X. and {Kim}, Chunglee and {Kim}, J.~C. and {Kim}, K. and {Kim}, W. and {Kim}, W.~S. and {Kim}, Y. -M. and {Kimball}, C. and {King}, E.~J. and {King}, P.~J. and {Kinley-Hanlon}, M. and {Kirchhoff}, R. and {Kissel}, J.~S. and {Kleybolte}, L. and {Klika}, J.~H. and {Klimenko}, S. and {Knowles}, T.~D. and {Koch}, P. and {Koehlenbeck}, S.~M. and {Koekoek}, G. and {Koley}, S. and {Kondrashov}, V. and {Kontos}, A. and {Koper}, N. and {Korobko}, M. and {Korth}, W.~Z. and {Kowalska}, I. and {Kozak}, D.~B. and {Kringel}, V. and {Krishnendu}, N. and {Kr{\'o}lak}, A. and {Kuehn}, G. and {Kumar}, A. and {Kumar}, P. and {Kumar}, R. and {Kumar}, S. and {Kuo}, L. and {Kutynia}, A. and {Kwang}, S. and {Lackey}, B.~D. and {Lai}, K.~H. and {Lam}, T.~L. and {Landry}, M. and {Lane}, B.~B. and {Lang}, R.~N. and {Lange}, J. and {Lantz}, B. and {Lanza}, R.~K. and {Larson}, S. and {Lartaux-Vollard}, A. and {Lasky}, P.~D. and {Laxen}, M. and {Lazzarini}, A. and {Lazzaro}, C. and {Leaci}, P. and {Leavey}, S. and {Lecoeuche}, Y.~K. and {Lee}, C.~H. and {Lee}, H.~K. and {Lee}, H.~M. and {Lee}, H.~W. and {Lee}, J. and {Lee}, K. and {Lehmann}, J. and {Lenon}, A. and {Leroy}, N. and {Letendre}, N. and {Levin}, Y. and {Li}, J. and {Li}, K.~J.~L. and {Li}, T.~G.~F. and {Li}, X. and {Lin}, F. and {Linde}, F. and {Linker}, S.~D. and {Littenberg}, T.~B. and {Liu}, J. and {Liu}, X. and {Lo}, R.~K.~L. and {Lockerbie}, N.~A. and {London}, L.~T. and {Longo}, A. and {Lorenzini}, M. and {Loriette}, V. and {Lormand}, M. and {Losurdo}, G. and {Lough}, J.~D. and {Lousto}, C.~O. and {Lovelace}, G. and {Lower}, M.~E. and {L{\"u}ck}, H. and {Lumaca}, D. and {Lundgren}, A.~P. and {Lynch}, R. and {Ma}, Y. and {Macas}, R. and {Macfoy}, S. and {MacInnis}, M. and {Macleod}, D.~M. and {Macquet}, A. and {Maga{\~n}a-Sandoval}, F. and {Maga{\~n}a Zertuche}, L. and {Magee}, R.~M. and {Majorana}, E. and {Maksimovic}, I. and {Malik}, A. and {Man}, N. and {Mandic}, V. and {Mangano}, V. and {Mansell}, G.~L. and {Manske}, M. and {Mantovani}, M. and {Marchesoni}, F. and {Marion}, F. and {M{\'a}rka}, S. and {M{\'a}rka}, Z. and {Markakis}, C. and {Markosyan}, A.~S. and {Markowitz}, A. and {Maros}, E. and {Marquina}, A. and {Marsat}, S. and {Martelli}, F. and {Martin}, I.~W. and {Martin}, R.~M. and {Martynov}, D.~V. and {Mason}, K. and {Massera}, E. and {Masserot}, A. and {Massinger}, T.~J. and {Masso-Reid}, M. and {Mastrogiovanni}, S. and {Matas}, A. and {Matichard}, F. and {Matone}, L. and {Mavalvala}, N. and {Mazumder}, N. and {McCann}, J.~J. and {McCarthy}, R. and {McClelland}, D.~E. and {McCormick}, S. and {McCuller}, L. and {McGuire}, S.~C. and {McIver}, J. and {McManus}, D.~J. and {McRae}, T. and {McWilliams}, S.~T. and {Meacher}, D. and {Meadors}, G.~D. and {Mehmet}, M. and {Mehta}, A.~K. and {Meidam}, J. and {Melatos}, A. and {Mendell}, G. and {Mercer}, R.~A. and {Mereni}, L. and {Merilh}, E.~L. and {Merzougui}, M. and {Meshkov}, S. and {Messenger}, C. and {Messick}, C. and {Metzdorff}, R. and {Meyers}, P.~M. and {Miao}, H. and {Michel}, C. and {Middleton}, H. and {Mikhailov}, E.~E. and {Milano}, L. and {Miller}, A.~L. and {Miller}, A. and {Millhouse}, M. and {Mills}, J.~C. and {Milovich-Goff}, M.~C. and {Minazzoli}, O. and {Minenkov}, Y. and {Mishkin}, A. and {Mishra}, C. and {Mistry}, T. and {Mitra}, S. and {Mitrofanov}, V.~P. and {Mitselmakher}, G. and {Mittleman}, R. and {Mo}, G. and {Moffa}, D. and {Mogushi}, K. and {Mohapatra}, S.~R.~P. and {Montani}, M. and {Moore}, C.~J. and {Moraru}, D. and {Moreno}, G. and {Morisaki}, S. and {Mours}, B. and {Mow-Lowry}, C.~M. and {Mukherjee}, Arunava and {Mukherjee}, D. and {Mukherjee}, S. and {Mukund}, N. and {Mullavey}, A. and {Munch}, J. and {Mu{\~n}iz}, E.~A. and {Muratore}, M. and {Murray}, P.~G. and {Nagar}, A. and {Nardecchia}, I. and {Naticchioni}, L. and {Nayak}, R.~K. and {Neilson}, J. and {Nelemans}, G. and {Nelson}, T.~J.~N. and {Nery}, M. and {Neunzert}, A. and {Ng}, K.~Y. and {Ng}, S. and {Nguyen}, P. and {Nichols}, D. and {Nissanke}, S. and {Nocera}, F. and {North}, C. and {Nuttall}, L.~K. and {Obergaulinger}, M. and {Oberling}, J. and {O'Brien}, B.~D. and {O'Dea}, G.~D. and {Ogin}, G.~H. and {Oh}, J.~J. and {Oh}, S.~H. and {Ohme}, F. and {Ohta}, H. and {Okada}, M.~A. and {Oliver}, M. and {Oppermann}, P. and {Oram}, Richard J. and {O'Reilly}, B. and {Ormiston}, R.~G. and {Ortega}, L.~F. and {O'Shaughnessy}, R. and {Ossokine}, S. and {Ottaway}, D.~J. and {Overmier}, H. and {Owen}, B.~J. and {Pace}, A.~E. and {Pagano}, G. and {Page}, M.~A. and {Pai}, A. and {Pai}, S.~A. and {Palamos}, J.~R. and {Palashov}, O. and {Palomba}, C. and {Pal-Singh}, A. and {Pan}, Huang-Wei and {Pang}, B. and {Pang}, P.~T.~H. and {Pankow}, C. and {Pannarale}, F. and {Pant}, B.~C. and {Paoletti}, F. and {Paoli}, A. and {Parida}, A. and {Parker}, W. and {Pascucci}, D. and {Pasqualetti}, A. and {Passaquieti}, R. and {Passuello}, D. and {Patil}, M. and {Patricelli}, B. and {Pearlstone}, B.~L. and {Pedersen}, C. and {Pedraza}, M. and {Pedurand}, R. and {Pele}, A. and {Penn}, S. and {Perez}, C.~J. and {Perreca}, A. and {Pfeiffer}, H.~P. and {Phelps}, M. and {Phukon}, K.~S. and {Piccinni}, O.~J. and {Pichot}, M. and {Piergiovanni}, F. and {Pillant}, G. and {Pinard}, L. and {Pirello}, M. and {Pitkin}, M. and {Poggiani}, R. and {Pong}, D.~Y.~T. and {Ponrathnam}, S. and {Popolizio}, P. and {Porter}, E.~K. and {Powell}, J. and {Prajapati}, A.~K. and {Prasad}, J. and {Prasai}, K. and {Prasanna}, R. and {Pratten}, G. and {Prestegard}, T. and {Privitera}, S. and {Prodi}, G.~A. and {Prokhorov}, L.~G. and {Puncken}, O. and {Punturo}, M. and {Puppo}, P. and {P{\"u}rrer}, M. and {Qi}, H. and {Quetschke}, V. and {Quinonez}, P.~J. and {Quintero}, E.~A. and {Quitzow-James}, R. and {Raab}, F.~J. and {Radkins}, H. and {Radulescu}, N. and {Raffai}, P. and {Raja}, S. and {Rajan}, C. and {Rajbhandari}, B. and {Rakhmanov}, M. and {Ramirez}, K.~E. and {Ramos-Buades}, A. and {Rana}, Javed and {Rao}, K. and {Rapagnani}, P. and {Raymond}, V. and {Razzano}, M. and {Read}, J. and {Regimbau}, T. and {Rei}, L. and {Reid}, S. and {Reitze}, D.~H. and {Ren}, W. and {Ricci}, F. and {Richardson}, C.~J. and {Richardson}, J.~W. and {Ricker}, P.~M. and {Riles}, K. and {Rizzo}, M. and {Robertson}, N.~A. and {Robie}, R. and {Robinet}, F. and {Rocchi}, A. and {Rolland}, L. and {Rollins}, J.~G. and {Roma}, V.~J. and {Romanelli}, M. and {Romano}, R. and {Romel}, C.~L. and {Romie}, J.~H. and {Rose}, K. and {Rosi{\'n}ska}, D. and {Rosofsky}, S.~G. and {Ross}, M.~P. and {Rowan}, S. and {R{\"u}diger}, A. and {Ruggi}, P. and {Rutins}, G. and {Ryan}, K. and {Sachdev}, S. and {Sadecki}, T. and {Sakellariadou}, M. and {Salconi}, L. and {Saleem}, M. and {Samajdar}, A. and {Sammut}, L. and {Sanchez}, E.~J. and {Sanchez}, L.~E. and {Sanchis-Gual}, N. and {Sandberg}, V. and {Sanders}, J.~R. and {Santiago}, K.~A. and {Sarin}, N. and {Sassolas}, B. and {Sathyaprakash}, B.~S. and {Saulson}, P.~R. and {Sauter}, O. and {Savage}, R.~L. and {Schale}, P. and {Scheel}, M. and {Scheuer}, J. and {Schmidt}, P. and {Schnabel}, R. and {Schofield}, R.~M.~S. and {Sch{\"o}nbeck}, A. and {Schreiber}, E. and {Schulte}, B.~W. and {Schutz}, B.~F. and {Schwalbe}, S.~G. and {Scott}, J. and {Scott}, S.~M. and {Seidel}, E. and {Sellers}, D. and {Sengupta}, A.~S. and {Sennett}, N. and {Sentenac}, D. and {Sequino}, V. and {Sergeev}, A. and {Setyawati}, Y. and {Shaddock}, D.~A. and {Shaffer}, T. and {Shahriar}, M.~S. and {Shaner}, M.~B. and {Shao}, L. and {Sharma}, P. and {Shawhan}, P. and {Shen}, H. and {Shink}, R. and {Shoemaker}, D.~H. and {Shoemaker}, D.~M. and {ShyamSundar}, S. and {Siellez}, K. and {Sieniawska}, M. and {Sigg}, D. and {Silva}, A.~D. and {Singer}, L.~P. and {Singh}, N. and {Singhal}, A. and {Sintes}, A.~M. and {Sitmukhambetov}, S. and {Skliris}, V. and {Slagmolen}, B.~J.~J. and {Slaven-Blair}, T.~J. and {Smith}, J.~R. and {Smith}, R.~J.~E. and {Somala}, S. and {Son}, E.~J. and {Sorazu}, B. and {Sorrentino}, F. and {Souradeep}, T. and {Sowell}, E. and {Spencer}, A.~P. and {Srivastava}, A.~K. and {Srivastava}, V. and {Staats}, K. and {Stachie}, C. and {Standke}, M. and {Steer}, D.~A. and {Steinke}, M. and {Steinlechner}, J. and {Steinlechner}, S. and {Steinmeyer}, D. and {Stevenson}, S.~P. and {Stocks}, D. and {Stone}, R. and {Stops}, D.~J. and {Strain}, K.~A. and {Stratta}, G. and {Strigin}, S.~E. and {Strunk}, A. and {Sturani}, R. and {Stuver}, A.~L. and {Sudhir}, V. and {Summerscales}, T.~Z. and {Sun}, L. and {Sunil}, S. and {Suresh}, J. and {Sutton}, P.~J. and {Swinkels}, B.~L. and {Szczepa{\'n}czyk}, M.~J. and {Tacca}, M. and {Tait}, S.~C. and {Talbot}, C. and {Talukder}, D. and {Tanner}, D.~B. and {T{\'a}pai}, M. and {Taracchini}, A. and {Tasson}, J.~D. and {Taylor}, R. and {Thies}, F. and {Thomas}, M. and {Thomas}, P. and {Thondapu}, S.~R. and {Thorne}, K.~A. and {Thrane}, E. and {Tiwari}, Shubhanshu and {Tiwari}, Srishti and {Tiwari}, V. and {Toland}, K. and {Tonelli}, M. and {Tornasi}, Z. and {Torres-Forn{\'e}}, A. and {Torrie}, C.~I. and {T{\"o}yr{\"a}}, D. and {Travasso}, F. and {Traylor}, G. and {Tringali}, M.~C. and {Trovato}, A. and {Trozzo}, L. and {Trudeau}, R. and {Tsang}, K.~W. and {Tse}, M. and {Tso}, R. and {Tsukada}, L. and {Tsuna}, D. and {Tuyenbayev}, D. and {Ueno}, K. and {Ugolini}, D. and {Unnikrishnan}, C.~S. and {Urban}, A.~L. and {Usman}, S.~A. and {Vahlbruch}, H. and {Vajente}, G. and {Valdes}, G. and {van Bakel}, N. and {van Beuzekom}, M. and {van den Brand}, J.~F.~J. and {Van Den Broeck}, C. and {Vander-Hyde}, D.~C. and {van Heijningen}, J.~V. and {van der Schaaf}, L. and {van Veggel}, A.~A. and {Vardaro}, M. and {Varma}, V. and {Vass}, S. and {Vas{\'u}th}, M. and {Vecchio}, A. and {Vedovato}, G. and {Veitch}, J. and {Veitch}, P.~J. and {Venkateswara}, K. and {Venugopalan}, G. and {Verkindt}, D. and {Vetrano}, F. and {Vicer{\'e}}, A. and {Viets}, A.~D. and {Vine}, D.~J. and {Vinet}, J. -Y. and {Vitale}, S. and {Vo}, T. and {Vocca}, H. and {Vorvick}, C. and {Vyatchanin}, S.~P. and {Wade}, A.~R. and {Wade}, L.~E. and {Wade}, M. and {Walet}, R. and {Walker}, M. and {Wallace}, L. and {Walsh}, S. and {Wang}, G. and {Wang}, H. and {Wang}, J.~Z. and {Wang}, W.~H. and {Wang}, Y.~F. and {Ward}, R.~L. and {Warden}, Z.~A. and {Warner}, J. and {Was}, M. and {Watchi}, J. and {Weaver}, B. and {Wei}, L. -W. and {Weinert}, M. and {Weinstein}, A.~J. and {Weiss}, R. and {Wellmann}, F. and {Wen}, L. and {Wessel}, E.~K. and {We{\ss}els}, P. and {Westhouse}, J.~W. and {Wette}, K. and {Whelan}, J.~T. and {Whiting}, B.~F. and {Whittle}, C. and {Wilken}, D.~M. and {Williams}, D. and {Williamson}, A.~R. and {Willis}, J.~L. and {Willke}, B. and {Wimmer}, M.~H. and {Winkler}, W. and {Wipf}, C.~C. and {Wittel}, H. and {Woan}, G. and {Woehler}, J. and {Wofford}, J.~K. and {Worden}, J. and {Wright}, J.~L. and {Wu}, D.~S. and {Wysocki}, D.~M. and {Xiao}, L. and {Yamamoto}, H. and {Yancey}, C.~C. and {Yang}, L. and {Yap}, M.~J. and {Yazback}, M. and {Yeeles}, D.~W. and {Yu}, Hang and {Yu}, Haocun and {Yuen}, S.~H.~R. and {Yvert}, M. and {Zadro{\.z}ny}, A.~K. and {Zanolin}, M. and {Zelenova}, T. and {Zendri}, J. -P. and {Zevin}, M. and {Zhang}, J. and {Zhang}, L. and {Zhang}, T. and {Zhao}, C. and {Zhou}, M. and {Zhou}, Z. and {Zhu}, X.~J. and {Zucker}, M.~E. and {Zweizig}, J. and {LIGO Scientific Collaboration} and {Virgo Collaboration}},
        title = "{A guide to LIGO-Virgo detector noise and extraction of transient gravitational-wave signals}",
      journal = {Classical and Quantum Gravity},
     keywords = {gravitational waves, data analysis, gravitational wave detectors, General Relativity and Quantum Cosmology, Astrophysics - Instrumentation and Methods for Astrophysics},
         year = 2020,
        month = mar,
       volume = {37},
       number = {5},
          eid = {055002},
        pages = {055002},
          doi = {10.1088/1361-6382/ab685e},
archivePrefix = {arXiv},
       eprint = {1908.11170},
 primaryClass = {gr-qc},
       adsurl = {https://ui.adsabs.harvard.edu/abs/2020CQGra..37e5002A},
      adsnote = {Provided by the SAO/NASA Astrophysics Data System}
}


@book{gelman1995bayesian,
  title={Bayesian data analysis},
  author={Gelman, Andrew and Carlin, John B and Stern, Hal S and Rubin, Donald B},
  year={1995},
  publisher={Chapman and Hall/CRC}
}

@article{bayes-workflow,
author = {Gabry, Jonah and Simpson, Daniel and Vehtari, Aki and Betancourt, Michael and Gelman, Andrew},
title = {Visualization in Bayesian workflow},
journal = {Journal of the Royal Statistical Society: Series A (Statistics in Society)},
volume = {182},
number = {2},
pages = {389-402},
keywords = {Bayesian data analysis, Statistical graphics, Statistical workflow},
doi = {https://doi.org/10.1111/rssa.12378},
url = {https://rss.onlinelibrary.wiley.com/doi/abs/10.1111/rssa.12378},
eprint = {https://rss.onlinelibrary.wiley.com/doi/pdf/10.1111/rssa.12378},
abstract = {Abstract Bayesian data analysis is about more than just computing a posterior distribution, and Bayesian visualization is about more than trace plots of Markov chains. Practical Bayesian data analysis, like all data analysis, is an iterative process of model building, inference, model checking and evaluation, and model expansion. Visualization is helpful in each of these stages of the Bayesian workflow and it is indispensable when drawing inferences from the types of modern, high dimensional models that are used by applied researchers.},
year = {2019}
}

@inproceedings{deepkernellearning,
  title={Deep kernel learning},
  author={Wilson, Andrew Gordon and Hu, Zhiting and Salakhutdinov, Ruslan and Xing, Eric P},
  booktitle={Artificial intelligence and statistics},
  pages={370--378},
  year={2016},
  organization={PMLR}
}

@InProceedings{deep-gaussian-processes,
  title = 	 {Deep {G}aussian Processes},
  author = 	 {Damianou, Andreas and Lawrence, Neil D.},
  booktitle = 	 {Proceedings of the Sixteenth International Conference on Artificial Intelligence and Statistics},
  pages = 	 {207--215},
  year = 	 {2013},
  editor = 	 {Carvalho, Carlos M. and Ravikumar, Pradeep},
  volume = 	 {31},
  series = 	 {Proceedings of Machine Learning Research},
  address = 	 {Scottsdale, Arizona, USA},
  month = 	 {29 Apr--01 May},
  publisher =    {PMLR},
  pdf = 	 {http://proceedings.mlr.press/v31/damianou13a.pdf},
  url = 	 {https://proceedings.mlr.press/v31/damianou13a.html},
  abstract = 	 {In this paper we introduce deep Gaussian process (GP) models. Deep GPs are a deep belief network based on Gaussian process mappings. The data is modeled as the output of a multivariate GP. The inputs to that Gaussian process are then governed by another GP. A single layer model is equivalent to a standard GP or the GP latent variable model (GP-LVM). We perform inference in the model by approximate variational marginalization. This results in a strict lower bound on the marginal likelihood of the model which we use for model selection (number of layers and nodes per layer). Deep belief networks are typically applied to relatively large data sets using stochastic gradient descent for optimization. Our fully Bayesian treatment allows for the application of deep models even when data is scarce. Model selection by our variational bound shows that a five layer hierarchy is justified even when modelling a digit data set containing only 150 examples.}
}

@ARTICLE{GPflow2017,
 author = {Matthews, Alexander G. de G. and {van der Wilk}, Mark and Nickson, Tom and Fujii, Keisuke. and {Boukouvalas}, Alexis and {Le{\'o}n-Villagr{\'a}}, Pablo and Ghahramani, Zoubin and Hensman, James},
 title = "{ {GP}flow: A {G}aussian process library using {T}ensor{F}low}",
 journal = {Journal of Machine Learning Research},
 year = {2017},
 month = {apr},
 volume = {18},
 number = {40},
 pages = {1-6},
 url = {http://jmlr.org/papers/v18/16-537.html}
}

@article{GPflow2020multioutput,
 author = {{van der Wilk}, Mark and Dutordoir, Vincent and John, ST and
 Artemev, Artem and Adam, Vincent and Hensman, James},
 title = {A Framework for Interdomain and Multioutput {G}aussian Processes},
 year = {2020},
 journal = {arXiv:2003.01115},
 url = {https://arxiv.org/abs/2003.01115}
}

@article{skilling2006nested,
 author = {Skilling, John},
 title = {Nested sampling for general {Bayesian} computation},
 journal = {Bayesian Anal.},
 volume = {1},
 number = {4},
 pages = {833--859},
 year = {2006},
 publisher = {Institute of Mathematical Statistics},
 doi = {10.1214/06-ba127},
 source = {Crossref},
 url = {https://doi.org/10.1214/06-ba127},
 issn = {1936-0975},
 month = dec,
}

@ARTICLE{2018ApJS..236...11H,
       author = {{Hogg}, David W. and {Foreman-Mackey}, Daniel},
        title = "{Data Analysis Recipes: Using Markov Chain Monte Carlo}",
      journal = {\apjs},
     keywords = {methods: data analysis, methods: numerical, methods: statistical, Astrophysics - Instrumentation and Methods for Astrophysics, Physics - Data Analysis, Statistics and Probability, Statistics - Computation},
         year = 2018,
        month = may,
       volume = {236},
       number = {1},
          eid = {11},
        pages = {11},
          doi = {10.3847/1538-4365/aab76e},
archivePrefix = {arXiv},
       eprint = {1710.06068},
 primaryClass = {astro-ph.IM},
       adsurl = {https://ui.adsabs.harvard.edu/abs/2018ApJS..236...11H},
      adsnote = {Provided by the SAO/NASA Astrophysics Data System}
}

@ARTICLE{2008ConPh..49...71T,
       author = {{Trotta}, Roberto},
        title = "{Bayes in the sky: Bayesian inference and model selection in cosmology}",
      journal = {Contemporary Physics},
     keywords = {Astrophysics},
         year = 2008,
        month = mar,
       volume = {49},
       number = {2},
        pages = {71-104},
          doi = {10.1080/00107510802066753},
archivePrefix = {arXiv},
       eprint = {0803.4089},
 primaryClass = {astro-ph},
       adsurl = {https://ui.adsabs.harvard.edu/abs/2008ConPh..49...71T},
      adsnote = {Provided by the SAO/NASA Astrophysics Data System}
}

@ARTICLE{2010ApJ...708..927K,
       author = {{Koz{\l}owski}, Szymon and {Kochanek}, Christopher S. and {Udalski}, A. and {Wyrzykowski}, {\L}. and {Soszy{\'n}ski}, I. and {Szyma{\'n}ski}, M.~K. and {Kubiak}, M. and {Pietrzy{\'n}ski}, G. and {Szewczyk}, O. and {Ulaczyk}, K. and {Poleski}, R. and {OGLE Collaboration}},
        title = "{Quantifying Quasar Variability as Part of a General Approach to Classifying Continuously Varying Sources}",
      journal = {\apj},
     keywords = {cosmology: observations, galaxies: active, quasars: general, stars: variables: other, Astrophysics - Cosmology and Nongalactic Astrophysics},
         year = 2010,
        month = jan,
       volume = {708},
       number = {2},
        pages = {927-945},
          doi = {10.1088/0004-637X/708/2/927},
archivePrefix = {arXiv},
       eprint = {0909.1326},
 primaryClass = {astro-ph.CO},
       adsurl = {https://ui.adsabs.harvard.edu/abs/2010ApJ...708..927K},
      adsnote = {Provided by the SAO/NASA Astrophysics Data System}
}

@ARTICLE{2010ApJ...721.1014M,
       author = {{MacLeod}, C.~L. and {Ivezi{\'c}}, {\v{Z}}. and {Kochanek}, C.~S. and {Koz{\l}owski}, S. and {Kelly}, B. and {Bullock}, E. and {Kimball}, A. and {Sesar}, B. and {Westman}, D. and {Brooks}, K. and {Gibson}, R. and {Becker}, A.~C. and {de Vries}, W.~H.},
        title = "{Modeling the Time Variability of SDSS Stripe 82 Quasars as a Damped Random Walk}",
      journal = {\apj},
     keywords = {quasars: general, Astrophysics - Cosmology and Extragalactic Astrophysics},
         year = 2010,
        month = oct,
       volume = {721},
       number = {2},
        pages = {1014-1033},
          doi = {10.1088/0004-637X/721/2/1014},
archivePrefix = {arXiv},
       eprint = {1004.0276},
 primaryClass = {astro-ph.CO},
       adsurl = {https://ui.adsabs.harvard.edu/abs/2010ApJ...721.1014M},
      adsnote = {Provided by the SAO/NASA Astrophysics Data System}
}

@ARTICLE{2012ApJ...753..106M,
       author = {{MacLeod}, Chelsea L. and {Ivezi{\'c}}, {\v{Z}}eljko and {Sesar}, Branimir and {de Vries}, Wim and {Kochanek}, Christopher S. and {Kelly}, Brandon C. and {Becker}, Andrew C. and {Lupton}, Robert H. and {Hall}, Patrick B. and {Richards}, Gordon T. and {Anderson}, Scott F. and {Schneider}, Donald P.},
        title = "{A Description of Quasar Variability Measured Using Repeated SDSS and POSS Imaging}",
      journal = {\apj},
     keywords = {quasars: general, Astrophysics - Cosmology and Extragalactic Astrophysics},
         year = 2012,
        month = jul,
       volume = {753},
       number = {2},
          eid = {106},
        pages = {106},
          doi = {10.1088/0004-637X/753/2/106},
archivePrefix = {arXiv},
       eprint = {1112.0679},
 primaryClass = {astro-ph.CO},
       adsurl = {https://ui.adsabs.harvard.edu/abs/2012ApJ...753..106M},
      adsnote = {Provided by the SAO/NASA Astrophysics Data System}
}

@ARTICLE{2021ApJ...907..105Y,
       author = {{Yang}, Shenbang and {Yan}, Dahai and {Zhang}, Pengfei and {Dai}, Benzhong and {Zhang}, Li},
        title = "{Gaussian Process Modeling Fermi-LAT {\ensuremath{\gamma}}-Ray Blazar Variability: A Sample of Blazars with {\ensuremath{\gamma}}-Ray Quasi-periodicities}",
      journal = {\apj},
     keywords = {Blazars, Gamma-rays, Time series analysis, Period search, Gaussian Processes regression, 164, 637, 1916, 1955, 1930, Astrophysics - High Energy Astrophysical Phenomena},
         year = 2021,
        month = feb,
       volume = {907},
       number = {2},
          eid = {105},
        pages = {105},
          doi = {10.3847/1538-4357/abcbff},
archivePrefix = {arXiv},
       eprint = {2011.10186},
 primaryClass = {astro-ph.HE},
       adsurl = {https://ui.adsabs.harvard.edu/abs/2021ApJ...907..105Y},
      adsnote = {Provided by the SAO/NASA Astrophysics Data System}
}

@ARTICLE{2022ApJ...930..157Z,
       author = {{Zhang}, Haiyun and {Yan}, Dahai and {Zhang}, Li},
        title = "{Characterizing the {\ensuremath{\gamma}}-Ray Variability of Active Galactic Nuclei with the Stochastic Process Method}",
      journal = {\apj},
     keywords = {Active galactic nuclei, Gamma-rays, Jets, Light curves, Time series analysis, 16, 637, 870, 918, 1916, Astrophysics - High Energy Astrophysical Phenomena},
         year = 2022,
        month = may,
       volume = {930},
       number = {2},
          eid = {157},
        pages = {157},
          doi = {10.3847/1538-4357/ac679e},
archivePrefix = {arXiv},
       eprint = {2204.09987},
 primaryClass = {astro-ph.HE},
       adsurl = {https://ui.adsabs.harvard.edu/abs/2022ApJ...930..157Z},
      adsnote = {Provided by the SAO/NASA Astrophysics Data System}
}

@ARTICLE{2021ApJ...913...70G,
       author = {{Gordon}, Tyler A. and {Davenport}, James R.~A. and {Angus}, Ruth and {Foreman-Mackey}, Daniel and {Agol}, Eric and {Covey}, Kevin R. and {Ag{\"u}eros}, Marcel A. and {Kipping}, David},
        title = "{Stellar Rotation in the K2 Sample: Evidence for Modified Spin-down}",
      journal = {\apj},
     keywords = {Stellar properties, Stellar rotation, K dwarf stars, G dwarf stars, Gaussian Processes regression, Star clusters, Stellar astronomy, Stellar ages, 1624, 1629, 876, 556, 1930, 1567, 1583, 1581, Astrophysics - Solar and Stellar Astrophysics},
         year = 2021,
        month = may,
       volume = {913},
       number = {1},
          eid = {70},
        pages = {70},
          doi = {10.3847/1538-4357/abf63e},
archivePrefix = {arXiv},
       eprint = {2101.07886},
 primaryClass = {astro-ph.SR},
       adsurl = {https://ui.adsabs.harvard.edu/abs/2021ApJ...913...70G},
      adsnote = {Provided by the SAO/NASA Astrophysics Data System}
}
